@article{Boyanovsky:1998nz,
    author = "Boyanovsky, D. and de Vega, H.J. and Lee, D.S. and Ng, Y.J. and Wang, Shang-Yung",
    title = "{Fermion damping in a fermion scalar plasma}",
    journal = "Phys. Rev. D",
    volume = "59",
    pages = "105001",
    year = "1999"
}

@article{Ritus1969,
author         = "Ритус, В. И.",
      title          = "{Радиационные эффекты и их усиление в интенсивном электромагнитном поле}",
      journal        = "ЖЭТФ.",
      volume         = "{57}",
      year           = "{1969}",
      number         = "{6}",
      pages          = "{2176–2188}",
      language     = {russian}      
}

@article{Philippov_2020,
   author={Philippov, A. and Timokhin, A. and Spitkovsky, A.},
   title={Origin of Pulsar Radio Emission},
   journal={Physical Review Letters},
   volume={124},
   year={2020},
   number={24},
   pages = {245101},
}

@article{RChSt:2012,
      author         = "Chistyakov, M. V. and Rumyantsev, D. A. and Stus', N. S.",
      title          = "{Photon splitting and Compton scattering in strongly
                        magnetized hot plasma}",
      journal        = "Phys. Rev.",
      volume         = "D86",
      year           = "2012",
      pages          = "043007",
}

@article{KuzMih:2000,
      author         = "Кузнецов, А. В. and  Михеев, М. В.",
	title          = "{Взаимодействие нейтрино с сильно замагниченной электрон-позитронной плазмой}",
	journal        = "ЖЭТФ",
	volume         = "{118}",
	year           = "{2000}",
	number         = "{4}",
	pages          = "{863-876}",
	language     = {russian} 
}

@article{Batalin:1971,
      author         = "Баталин, И. А. and  Шабад, A. E.",
      title          = "{Функция Грина фотона в постоянном однородном электромагнитном 
                        поле общего вида}",
      journal        = "ЖЭТФ",
      volume         = "{60}",
      year           = "{1971}",
      number         = "{3}",
      pages          = "{894-900}",
      language     = {russian}      
}

@ARTICLE{Kostenko:2018,
   author = {{Kostenko}, A. and {Thompson}, C.},
    title = "{QED Phenomena in an Ultrastrong Magnetic Field. I. Electron-Photon Scattering, Pair Creation, and Annihilation}",
  journal = {Astrophys. J.},
     year = 2018,
    number= 1,
   volume = 869,
    pages = {44 (1-19)},
}


@article{Baring:2018,
      author         = "Wadiasingh, Zorawar and Baring, Matthew G. and Gonthier,
                        Peter L. and Harding, Alice K.",
      title          = "{Resonant Inverse Compton Scattering Spectra from
                        Highly-magnetized Neutron Stars}",
      journal        = "Astrophys. J.",
      volume         = "854",
      year           = "2018",
      number         = "2",
      pages          = "98",
}

@article{Kuznetsov:2011,
      author         = "Kuznetsov, A. V. and Okrugin, A. A.",
      title          = "{The exact electron propagator in a magnetic field as the
                        sum over landau levels on a basis of the Dirac equation
                        exact solutions}",
      journal        = "Int. J. Mod. Phys.",
      volume         = "A26",
      year           = "2011",
      pages          = "2725-2733",
}

@book{Kuznetsov:2003,
  author       = {Kuznetsov, A. V. and Mikheev, N. V.},
  title        = {Electroweak processes in external electromagnetic fields},
  publisher    = {Springer-Verlag},
  address      = {New York},
  year         = {2003},
  numpages        = {120},
}


@book{KM_Book_2013,
       author         = "Kuznetsov, Alexander and Mikheev, Nickolay",
      title          = "{Electroweak processes in external active media}",
      journal        = "Springer Tracts Mod. Phys.",
      volume         = "252",
      year           = "2013",
      pages          = "pp 1-271",
}


@article{Kuznetsov:2015,
      author         = "Kuznetsov, A. V. and Rumyantsev, D. A. and Shlenev, D.
                        M.",
      title          = "{Generalized two-point tree-level amplitude $j f \to 
                        j'f'$ in a magnetized medium}",
      journal        = "Int. J. Mod. Phys.",
      volume         = "A30",
      year           = "2015",
      number         = "11",
      pages          = "1550049",
}

@article{Chistyakov:2009,
      author         = "Chistyakov, M. V. and Rumyantsev, D. A.",
      title          = "{Compton effect in strongly magnetized plasma}",
      journal        = "Int. J. Mod. Phys.",
      volume         = "A24",
      year           = "2009",
      pages          = "3995-4008",
}

@article{Gonthier:2014,
      author         = "Gonthier, Peter L. and Baring, Matthew G. and Eiles,
                        Matthew T. and Wadiasingh, Zorawar and Taylor, Caitlin A.
                        and Fitch, Catherine J.",
      title          = "{Compton scattering in strong magnetic fields:
                        Spin-dependent influences at the cyclotron resonance}",
      journal        = "Phys. Rev.",
      volume         = "D90",
      year           = "2014",
      number         = "4",
      pages          = "043014",
}

@article{Mushtukov:2016,
      author         = "Mushtukov, Alexander A. and Nagirner, Dmitrij I. and
                        Poutanen, Juri",
      title          = "{Compton scattering S-matrix and cross section in strong
                        magnetic field}",
      journal        = "Phys. Rev.",
      volume         = "D93",
      year           = "2016",
      number         = "10",
      pages          = "105003",
}

@article{Harding:2006,
      author         = "Harding, Alice K. and Lai, Dong",
      title          = "{Physics of strongly magnetized neutron stars}",
      journal        = "Rept. Prog. Phys.",
      volume         = "69",
      year           = "2006",
      pages          = "2631-2724",
}

@article{Baring:1998,
   author = {{Baring}, M.~G. and {Harding}, A.~K.},
    title = "{Radio-quiet pulsars with ultrastrong magnetic fields}",
  journal = {Astrophys. J. Lett. },
     year = 1998,
    number = 1,
   volume = 507,
    pages = {L55-L58},
}

@article{Baring:2001,
	language   = "english",
	author     = "Matthew G. Baring and Alice K. Harding",
	title      = "{Photon Splitting and Pair Creation in Highly Magnetized Pulsars}",
	year       = "2001",
	journal	   = "astro-ph",
	volume    = "547",
	number	  = "2"
}

@article{Miller:1995,
	language   = "english",
	author     = "M. Coleman Miller",
	title      = "{Constraints on hydrostatic models of soft gamma-ray repeaters}",
	year       = "1995",
	journal	   = "Astrophys. J. Lett.",
	volume    = "448",
}

@article{Miller:1997,
   author = {{Bulik}, T. and {Miller}, M.~C.},
    title = "{Spectral effects of the vacuum resonance in soft gamma-ray repeaters}",
  journal = {Mon. Not. R. Astron. Soc.},
     year = 1997,
   volume = 288,
   number = 3,
    pages = {596-608},
}

@article{Malofeev:2005,
   author = {{Malofeev}, V.~M. and {Malov}, O.~I. and {Teplykh}, D.~A. and 
	{Tyul'Bashev}, S.~A. and {Tyul'Basheva}, G.~E.},
    title = "{Radio emission from two anomalous X-ray pulsars}",
  journal = {Astronomy Reports},
     year = 2005,
   number = 3,
   volume = 49,
    pages = {242-249},
}

@article{Adler:1971,
  author = {{Adler}, S.~L.},
    title = "{Photon splitting and photon dispersion in a strong magnetic field.}",
  journal = {Annals of Physics},
     year = 1971,
   volume = 67,
    pages = {599-647},
}

@article{Rumyantsev:2012,
      author         = "Chistyakov, M. V. and Rumyantsev, D. A. and Stus', N. S.",
      title          = "{Photon splitting and Compton scattering in strongly
                        magnetized hot plasma}",
      journal        = "Phys. Rev.",
      volume         = "D86",
      year           = "2012",
      pages          = "043007",
}

@article{Olausen:2014,
      author         = "Olausen, S. A. and Kaspi, V. M.",
      title          = "{The McGill magnetar catalog}",
      journal        = "Astrophys. J. Suppl.",
      volume         = "212",
      number         = "1",
      year           = "2014",
      pages          = "6",
}

@book{Gradstein:1963,
   author       = {И. С. Градштейн and  И. М. Рыжик},
  title        = {Таблицы интегралов, сумм, рядов  и  произведений},
  publisher    = {Гос. изд-во физ.-мат. лит.},
  address      = {Москва},
  year         = {1963},
  numpages        = {1108},
  language     = {russian},
}

@article{Rumyantsev:2017,
      author         = "Румянцев, Д. А. and Шленев, Д. М. and Ярков, А. А.",
      title          = "{Резонансы в комптоноподобных процессах рассеяния  во внешней замагниченной среде}",
      journal        = "ЖЭТФ.",
      volume         = "{152}",
      year           = "{2017}",
      number         = "{3}",
      pages          = "{483-494}",
      language     = {russian}      
}

@article{D.Ryu:2012,
   author = {{Ryu}, D. and {Schleicher}, D.~R.~G. and {Treumann}, R.~A. and 
	{Tsagas}, C.~G. and {Widrow}, L.~M.},
   title = "{Magnetic fields in the large-scale structure of the universe}",
   journal = {Space Science Reviews},
   year = 2012,
   volume = 166,
   number = "1-4",
   pages = {1-35},
}

@article{Kogan:1970,
      author         = "Бисноватый-Коган, Г.С.",
      title          = "{Взрыв вращающейся звезды как механизм сверхновой}",
      journal        = "Астрон. журн.",
      volume         = "{47}",
      year           = "{1970}",
      pages          = "{813-816}",
      language     = {russian}      
}

@book{Kogan:1989,
  author       = {Г. С. Бисноватый-Коган},
  title        = {Физические вопросы теории звездной эволюции},
  publisher    = {Наука},
  address      = {Москва},
  year         = {1989},
  numpages        = {487},
  language     = {russian},
}

@article{Duncan:1995,
   author = {{Thompson}, C. and {Duncan}, R.~C.},
    title = "{The soft gamma repeaters as very strongly magnetized neutron stars - I. Radiative mechanism for outbursts}",
  journal = {Mon. Not. Roy. Astron. Soc.},
     year = 1995,
   volume = 275,
    pages = {255-300},
}

@article{Thompson:1996,
   author = {{Thompson}, C. and {Duncan}, R.~C.},
    title = "{The soft gamma repeaters as very strongly magnetized neutron stars. II. Quiescent neutrino, X-Ray, and Alfven wave emission}",
  journal = {Astrophys. J.},
     year = 1996,
   volume = 473,
    pages = {322-342},
}

@article{Thompson:2002,
      author         = "Thompson, C. and Lyutikov, M. and Kulkarni, S. R.",
      title          = "{Electrodynamics of magnetars: implications for the
                        persistent x-ray emission and spindown of the soft gamma
                        repeaters and anomalous x-ray pulsars}",
      journal        = "Astrophys. J.",
      volume         = "574",
      number         = 1,
      year           = "2002",
      pages          = "332-355",
}

@article{Goldreich:1969,
   author = {{Goldreich}, P. and {Julian}, W.~H.},
    title = "{Pulsar electrodynamics}",
  journal = {Astrophys. J.},
     year = 1969,
   volume = 157,
    pages = {869-880},
}

@article{Borovkov:1999,
      author         = "Боровков, М. Ю. and Кузнецов, А. В. and Михеев, Н. В.",
      title          = "{Однопетлевая амплитуда перехода $j \to f \bar f \to j'$ во внешнем электромагнитном поле}",
      journal        = "Ядерная физика",
      volume         = "{62}",
      year           = "{1999}",
      number         = "{9}",
      pages          = "{1714-1722}",
      language     = {russian}      
}

@article{Latal:1986,
   author = {{Latal}, H.~G.},
    title = "{Cyclotron radiation in strong magnetic fields}",
  journal = {Astrophys. J.},
     year = 1986,
   volume = 309,
    pages = {372-382},
}

@article{Barbieri:1989,
	language   = "english",
	author     = "R. Barbieri and R. N. Mohapatra",
	title      = "{Limits on right-handed interactions from SN 1987A observations}",
	year       = "1989",
	journal	   = "Phys. Rev. ",
	volume    = "D39",
	pages    = "1229-1232"
}

@article{Erber:2003,
   author = {{Erber}, T. and {Latal}, H.~G.},
    title = "{Unified radiation formulae for classical and quantum electrodynamics}",
  journal = {European Journal of Physics},
     year = 2003,
    number  = 1,
   volume = 24,
    pages = {67-79},
}

@article{Semionova:2010,
   author = {{Semionova}, L. and {Leahy}, D. and {Paez}, J.},
    title = "{Polarization in cyclotron radiation in strong magnetic fields}",
  journal = {Research in Astronomy and Astrophysics},
     year = 2010,
    number  = 10,
   volume = 10,
    pages = {1023-1040},
}

@article{Gvozdev:2012,
      author         = "Гвоздев, А. А  and Осокина, Е. В",
      title          = "{Нейтринные процессы во внешнем магнитном поле в формализме матрицы плотности}",
      journal        = "ТМФ",
      volume         = "{170}",
      year           = "{2012}",
      number         = "{3}",
      pages          = "{423-447}",
      language     = {russian}      
}

@article{Peccei:1977,
      author         = "Peccei, R. D. and Quinn, Helen R.",
      title          = "{Constraints imposed by CP conservation in the presence
                        of instantons}",
      journal        = "Phys. Rev.",
      volume         = "D16",
      year           = "1977",
      pages          = "1791-1797",
}

@book{Raffelt:1995,
  author       = {Raffelt, G. G.},
  title        = {Stars as laboratories for fundamental physics},
  publisher    = {University of Chicago Press},
  address      = {Chicago},
  year         = {1996},
  numpages        = {664},
}


@article{Johnson:1949,
   author = {{Johnson}, M.~H. and {Lippmann}, B.~A.},
    title = "{Motion in a constant magnetic field}",
  journal = {Physical Review},
     year = 1949,
   volume = 76,
   number = 6,
    pages = {828-832},
}

@book{Berestezkyi:1969,
 author       = {А. И. Ахиезер and В. Б. Берестецкий},
  title        = {Квантовая электродинамика},
  publisher    = {Физматгиз},
  address      = {Москва},
  year         = {1959},
  numpages        = {656},
  language     = {russian},
}

@book{Sokolov:1968,
  author       = {А. А. Соколов and И. М. Тернов},
  title        = {Синхротронное излучение},
  publisher    = {Наука},
  address-not      = {Москва},
  address      = {М.},
  year         = {1966},
  numpages        = {228},
  language     = {russian},
}

@article{Melrose:1983,
      author         = "Melrose, D. B. and Parle, A. J.",
      title          = "{Quantum electrodynamics in strong magnetic fields. I Electron States}",
      journal        = "Aust. J. Phys.",
      volume         = "36",
      year           = "1983",
      pages          = "755-774",
}

@book{Sokolov:1986,
  author       = {А. А. Соколов and И. М. Тернов},
  title        = { Релятивистский электрон},
  publisher    = {Наука},
  address      = {Москва},
  year         = {1983},
  numpages        = {304},
  language     = {russian},
}

@article{Bhattacharya:2004,
      author         = "Bhattacharya, Kaushik and Pal, Palash B.",
      title          = "{Inverse beta decay of arbitrarily polarized neutrons in
                        a magnetic field}",
      journal        = "Pramana J. Phys.",
      volume         = "62",
      year           = "2004",
      pages          = "1041-1058",
}

@article{Balantsev:2011,
      author         = "Balantsev, I. A. and Popov, {\relax Yu}. V. and
                        Studenikin, A. I.",
      title          = "{On the problem of relativistic particles motion in
                        strong magnetic field and dense matter}",
      journal        = "J. Phys.",
      volume         = "A44",
      year           = "2011",
      pages          = "255301 (1-13)",
}

@book{Peskin:1995,
  author       = {М. Пескин and Д. Шредер},
  title        = {Введение в квантовую теорию поля},
  publisher    = {РХД},
  address      = {Ижевск},
  year         = {2001},
  numpages        = {784},
  language     = {russian},
}

@book{Landau:1989,
	language   = {russian},
	author     = {Л. Д. Ландау and Е. М. Лифшиц},
	title      = {Квантовая механика. Нерелятивисткая теория},
	address    = {Москва},
	publisher  = {Наука},
	numpages = {768},
	year       = {1989},
}

@article{Borisov:1997,
      author         = "Борисов, А. В. and Вшивцев, А. С. and Жуковский, В Ч. and Эминов, П. А.",
      title          = "{Фотоны и лептоны во внешних полях при конечных температуре и плотности}",
      journal        = "УФН",
      volume         = "{167}",
      year           = "{1997}",
      number         = "{3}",
      pages          = "{241-267}",
      language     = {russian}      
}

@article{Zhukovski:1994,
      author         = "Жуковский, В. Ч. and Мидодашвили, П. Г. and Эминов, П. А.",
      title          = "{Мнимая часть массового оператора электрона в постоянном поле при конечной температуре и плотности}",
      journal        = "ЖЭТФ",
      volume         = "{106}",
      year           = "{1994}",
      number         = "{4}",
      pages          = "{929-935}",
      language     = {russian}      
}

@article{Weldon:1983,
      author         = "Weldon, H. Arthur",
      title          = "{Simple rules for discontinuities in finite temperature
                        Field Theory}",
      journal        = "Phys. Rev.",
      volume         = "D28",
      year           = "1983",
      pages          = "2007-2037",
}

@article{Pavlov:1991,
   author = {{Pavlov}, G.~G. and {Bezchastnov}, V.~G. and {Meszaros}, P. and 
	{Alexander}, S.~G.},
    title = "{Radiative widths and splitting of cyclotron lines in superstrong magnetic fields}",
  journal = {Astrophys. J.},
     year = 1991,
   volume = 380,
    pages = {541-549},
}

@article{Klepnikov:1954,
      author         = "Клепиков, Н. П. ",
      title          = "{Излучение фотонов и электрон-позитронных пар в магнитном поле}",
      journal        = "ЖЭТФ.",
      volume         = "{26}",
      year           = "{1954}",
      number         = "{1}",
      pages          = "{19-34}",
      language     = {russian}      
}

@article{Baier:2007,
   author = {{Baier}, V.~N. and {Katkov}, V.~M.},
    title = "{Pair creation by a photon in a strong magnetic field}",
  journal = {Phys. Rev.},
      volume  = "D75",
     year = 2007,
     number = "7",
    pages = {073009},
}

@article{Andreev:2010,
      author         = "Андреев, М.С. and Михеев, Н. В. and Нарынская, Е. Н.",
      title          = "{Дисперсия нейтрино в зарядово-симметричной плазме}",
      journal        = "ЖЭТФ",
      volume         = "{137}",
      year           = "{2010}",
      number         = "{2}",
      pages          = "{259-267}",
      language     = {russian}      
}

@article{Rojas1979,
   author = {Peres Rojas, H. and Shabad, A. E.},
    title = "{Polarization of relativistic electron and positron gas in a strong magnetic field. Propagation of electromagnetic waves}",
  journal = {Ann. Phys. (N.Y.)},
     year = 1979,
   volume = 121,
   number  = 2,
    pages = {432-464},
}

@article{Rojas1982,
   author = {Peres Rojas, H. and Shabad, A. E.},
    title = "{Absorption and dispersion of electromagnetic eigenwaves of electron-positron plasma in a strong magnetic field}",
  journal = {Ann. Phys. (N.Y.)},
     year = 1982,
   volume = 138,
    pages = {1-35},
}

@article{Shabad,
  author       = {Шабад, А. Е.},
  title        = {Поляризация вакуума и квантового релятивистского газа  во внешнем поле},
  journal        = "Тр. ФИАН СССР ``Поляризационные эффекты во внешних калибровочных полях''",
  publisher    = {Наука},
  address      = {Москва},
  year         = {1988},
  volume         = "{192}",
  pages        = {5-152},
  language     = {russian},
}

@article{ShabadRusOnEng1988,
  author       = {Shabad, A. E.},
  title        = {Polarization of Vacuum and quantum relativistic gas in an external field},
  journal        = "Tr. Fiz. Inst. Akad. Nauk SSSR",
  year         = {1988},
  volume         = "{192}",
  pages        = {5-152},
}


@article{RCh05,
      author         = "Румянцев, Д. А. and Чистяков, М. В.",
      title          = "{Влияние сильно замагниченной плазмы на процесс расщепления фотона}",
      journal        = "ЖЭТФ.",
      volume         = "{128}",
      year           = "{2005}",
      number         = "{4}",
      pages          = "{740-751}",
      language     = {russian}      
}

@article{Kaminker:1992,
   author = {{Kaminker}, A.~D. and {Gnedin}, O.~Y. and {Yakovlev}, D.~G. and 
	{Amsterdamski}, P. and {Haensel}, P.},
    title = "{Neutrino emissivity from e$^{-}$e$^{+}$ annihilation in a strong magnetic field: Hot, nondegenerate plasma}",
  journal = {Phys. Rev.},
     year = 1992,
   volume = {D46},
    pages = {4133-4139},
}

@inproceedings{KMU_2018,
      author         = "Ярков, А.~А. and Румянцев, Д.~А.  ",
      title          = "{Учёт конечной ширины поглощения электрона в комптоновском процессе в замагниченной среде}",
      booktitle      = "{XV конференция молодых ученых  
                         ``Фундаментальные и прикладные космические исследования''}",
      publisher      = {М.: ИКИ РАН},
      year           = "2018",
      pages          = "133",
      language     = {russian}      
}


@article{Olausen:2013bpa,
      author         = "Olausen, S. A. and Kaspi, V. M.",
      title          = "{The McGill magnetar catalog}",
      journal        = "Astrophys. J. Suppl.",
      volume         = "212",
      number         = "1",
      year           = "2014",
      pages          = "6",
}

@article{Lyutikov:2002,
      author         = "Thompson, C. and Lyutikov, M. and Kulkarni, S. R.",
      title          = "{Electrodynamics of magnetars: implications for the
                        persistent x-ray emission and spindown of the soft gamma
                        repeaters and anomalous x-ray pulsars}",
      journal        = "Astrophys. J.",
      volume         = "574",
      number         = 1,
      year           = "2002",
      pages          = "332-355",
}

@ARTICLE{Duncan:1992,
   author = {{Duncan}, R.~C. and {Thompson}, C.},
    title = "{Formation of very strongly magnetized neutron stars - Implications for gamma-ray bursts}",
  journal = {Astrophys. J.},
     year = 1992,
   volume = 392,
   number = 1,
    pages = {L9-L13},
}

@article{Chistyakov_gee:2001,
      author         = "Михеев, Н. В. and Чистяков М.В.",
      title          = "{Затухание фотона в результате рождения электрон-позитронной пары в сильном 
                        магнитном поле}",
      journal        = "Письма в журн. эксперим. и теор. физ.",
      volume         = "{73}",
      year           = "{2001}",
      number         = "{12}",
      pages          = "{726-730}",
      language     = {russian}      
}

@article{Chistyakov_gee:2001en,
      author         = "Mikheev, N. V. and Chistyakov N. V.",
      title          = "{Photon damping caused by electron-positron pair production in a strong magnetic field}",
      journal        = {JETP Letters},
      volume         = 73,
      year           = 2001,
      pages          = "642-646",
}

@article{RCh09,
      author         = "Chistyakov, M. V. and Rumyantsev, D. A.",
      title          = "{Compton effect in strongly magnetized plasma}",
      journal        = "Int. J. Mod. Phys.",
      volume         = "A24",
      year           = "2009",
      pages          = "3995-4008",
}

@article{Shabad:1988,
  author       = {Шабад, А. Е.},
  title        = {Поляризация вакуума и квантового релятивистского газа  во внешнем поле},
  journal        = "Тр. ФИАН СССР ``Поляризационные эффекты во внешних калибровочных полях''",
  publisher    = {Наука},
  address      = {Москва},
  year         = {1988},
  volume         = "{192}",
  pages        = {5-152},
  language     = {russian},
}

@article{RumShlenYar:2017,
      author         = "Румянцев, Д. А. and Шленев, Д. М. and Ярков, А. А.",
      title          = "{Резонансы в комптоноподобных процессах рассеяния  во внешней замагниченной среде}",
      journal        = "ЖЭТФ.",
      volume         = "{152}",
      year           = "{2017}",
      number         = "{3}",
      pages          = "{483-494}",
      language     = {russian},      
}

@article{Rumyantsev:2017eng,
      author         = "Rumyantsev, D. A and Shlenev, D.M. and Yarkov, A.A.",
      title          = "{Resonances in Compton-Like scattering processes in an external magnetized medium}",
      journal        = "JETP.",
      volume         = "125",
      year           = "2017",
      pages          = "410-419",
} 

@article{HBG:1997,
      author         = "Harding, A. C. and Baring, M. G. and Gonthier, P. L.",
      title          = "{Photon Splitting Cascades in Gamma-Ray Pulsars and the Spectrum of PSR1509-58}",
      journal        = "Astrophys.J.",
      volume         = "476",
      year           = "1997",
      pages          = "246",
}

@article{Herold:1979,
      author         = "Herold, H.",
      title          = "{Compton and Thomson scattering in strong magnetic fields}",
      journal        = "Phys. Rev.",
      volume         = "D19",
      year           = "1979",
      pages          = "2868",
}

@article{Harding:2000,
      author         = "Gonthier, P. L. and Harding, A. C. and  Baring, M. G. and Costello, R. M. and Mercer, C. L. ",
      title          = "{Compton Scattering in Ultrastrong Magnetic Fields: Numerical and Analytical Behavior in the Relativistic Regime}",
      journal        = "Astrophys.J.",
      volume         = "540",
      year           = "2000",
      pages          = "907",
}

@ARTICLE{Bulik:1997,
	author = {{Bulik}, T. and {Miller}, M.~C.},
	title = "{Spectral effects of the vacuum resonance in soft gamma-ray repeaters}",
	journal = {Mon. Not. R. Astron. Soc.},
	year = 1997,
	volume = 288,
	number = 3,
	pages = {596-608},
}

@article{Rojas1979r,
	author         = "Перес Рохас, У.",
	title          = "{Поляризационный оператор электрон-позитронного газа в постоянном внешнем магнитном поле}",
	journal        = "ЖЭТФ",
	volume         = "{76}",
	year           = "{1979}",
	number         = "{1}",
	pages          = "{3-17}",
	language     = {russian}      
}

@article{Poutanen:2013xaa,
	author         = "Poutanen, Juri and Mushtukov, Alexander A. and
	Suleimanov, Valery F. and Tsygankov, Sergey S. and
	Nagirner, Dmitrij I. and Doroshenko, Victor and Lutovinov,
	Alexander A.",
	title          = "{A reflection model for the cyclotron lines in the
	spectra of X-ray pulsars}",
	journal        = "Astrophys. J.",
	volume         = "777",
	year           = "2013",
	pages          = "115-123",
}

@article{Potekhin:2012mr,
	author         = "Potekhin, A. Y. and Suleimanov, V. F. and van Adelsberg,
	M. and Werner, K.",
	title          = "{Radiative properties of magnetic neutron stars with
	metallic surfaces and thin atmospheres}",
	journal        = "Astron. Astrophys.",
	volume         = "546",
	year           = "2012",
	pages          = "A121-A135",
}

@article{Suleimanov:2010ap,
	author         = "Suleimanov, V. and Hambaryan, V. V. and Potekhin, A. Y.
	and van Adelsberg, M. and Neuhaeuser, R. and Werner, K.",
	title          = "{Radiative properties of highly magnetized isolated
	neutron star surfaces and approximate treatment of
	absorption features in their spectra}",
	journal        = "Astron. Astrophys.",
	volume         = "511",
	year           = "2010",
	pages          = "A111-A165",
}

@article{Suleimanov:2007it,
	author         = "Suleimanov, Valery and Werner, K.",
	title          = "{Importance of Compton scattering for radiation spectra
	of isolated neutron stars with weak magnetic fields}",
	journal        = "Astron. Astrophys.",
	year           = "2007",
	pages          = "661-668",
}

@article{MikhChist:2001,
	author         = "Михеев, Н. В. and Чистяков, М. В.",
	title          = "{Затухание фотона в результате рождения электрон-позитронной пары в сильном 
	магнитном поле}",
	journal        = "Письма в журн. эксперим. и теор. физ.",
	volume         = "{73}",
	year           = "{2001}",
	number         = "{12}",
	pages          = "{726-730}",
	language     = {russian}   
}

@article{Kuznetsov:1998pl,
author         = "Kuznetsov, A. V. and Mikheev, N.V. and Vassilevskaya, L. A.",
title          = "{Photon splitting $\gamma \to \nu \bar \nu$ in an external magnetic field}",
journal        = "Phys. Lett.",
volume         = "B427",
year           = "1998",
number         = "1,2",
pages          = "105-108",
}

@article{Vassilevskaya:1999yf,
	author         = "Василевская, Л. А. and Кузнецов, А. В. and Михеев, Н. В.",
	title          = "{Индуцированное магнитным полем нейтрино-фотонное $\nu \nu \gamma$-взаимодействие}",
	journal        = "Ядерная физика",
	volume         = "{62}",
	year           = "{1999}",
	number         = "{4}",
	pages          = "{715-722}",
	language     = {russian}      
}

@article{Kennett:1998,
	author         = "Kennett, M. P. and Melrose, D. B.",
	title          = "{Neutrino emission via the plasma process in a magnetized
	plasma}",
	journal        = "Phys. Rev.",
	volume         = "D58",
	year           = "1998",
	pages          = "093011 (1-17)",
}


@BOOK{Akhiezer:1965,
	author       = {А. И. Ахиезер and В. Б. Берестецкий},
	title        = {Квантовая электродинамика},
	publisher    = {Физматгиз},
	address      = {Москва},
	year         = {1959},
	numpages        = {656},
	language     = {russian},
}

@article{Melrose:1983a,
	author         = "Melrose, D. B. and Parle, A. J.",
	title          = "{Quantum electrodynamics in strong magnetic fields. I Electron States}",
	journal        = "Aust. J. Phys.",
	volume         = "36",
	year           = "1983",
	pages          = "755-774",
}

@BOOK{Gradshtein,
	author       = {И. С. Градштейн and  И. М. Рыжик},
	title        = {Таблицы интегралов, сумм, рядов  и  произведений},
	publisher    = {Гос. изд-во физ.-мат. лит.},
	address      = {Москва},
	year         = {1963},
	numpages        = {1108},
	language     = {russian},
}

@ARTICLE{Adler:1970,
	author = {{Adler}, S.~L. and {Bahcall}, J.~N. and {Callan}, C.~G. and 
	{Rosenbluth}, M.~N.},
	title = "{Photon splitting in a strong magnetic field}",
	journal = {Physical Review Letters},
	year = 1970,
	volume = 25,
	pages = {1061-1065},
}

@ARTICLE{Bialynicka:1970,
	author = {Bialynicka-Birula, Z. and  Bialynicka-Birula, I.},
	title = "{Nonlinear effects in quantum electrodynamics. Photon propagation and 
	photon splitting in an external field}",
	journal = {Phys.Rev. D.},
	year = 1970,
	volume = D2,
	number  = 10,
	pages = {2341-2345},
}

@article{Ritus:1972,
	author         = "Папанян, В. О. and Ритус, В. И. ",
	title          = "{Поляризация вакуума и расщепление фотонов в интенсивном поле}",
	journal        = "ЖЭТФ",
	volume         = "{61}",
	year           = "{1971}",
	number         = "{6}",
	pages          = "{2231-2241}",
	language     = {russian}      
}

@article{Stoneham:1979,
	author         = "Stoneham, R. J.",
	title          = "{Photon splitting in the magnetised vacuum}",
	journal        = "J. Phys.",
	volume         = "A12",
	year           = "1979",
	number         = "11",
	pages          = "2187-2203",
}

@article{Mentzel:1994,
	author         = "Mentzel, Markus and Berg, Dagmar and Wunner, Gunter",
	title          = "{Photon splitting in strong magnetic fields}",
	journal        = "Phys. Rev.",
	volume         = "D50",
	year           = "1994",
	pages          = "1125-1139",
}

@ARTICLE{HBG:1997,
	author = {{Harding}, A.~K. and {Baring}, M.~G. and {Gonthier}, P.~L.},
	title = "{Photon-splitting cascades in gamma-ray pulsars and the spectrum of PSR 1509-58}",
	journal = {Astrophys. J.},
	year = 1997,
	number = 1,
	volume = 476,
	pages = {246-260},
}

@ARTICLE{BH:1998,
	author = {{Baring}, M.~G. and {Harding}, A.~K.},
	title = "{Radio-quiet pulsars with ultrastrong magnetic fields}",
	journal = {Astrophys. J. Lett. },
	year = 1998,
	number = 1,
	volume = 507,
	pages = {L55-L58},
}

@article{Malofeev:2005r,
	author         = "Малофеев, В. М. and  Малов, О. И. and Теплых, Д. А. and и др.  ",
	title          = "{Радиоизлучение от двух аномальных рентгеновских пульсаров}",
	journal        = "Астрон. ж.",
	volume         = "{82}",
	year           = "{2005}",
	number         = "{3}",
	pages          = "{273-280}",
	language     = {russian}      
}

@ARTICLE{Malofeev:2005,
	author = {{Malofeev}, V.~M. and {Malov}, O.~I. and {Teplykh}, D.~A. and 
	{Tyul'Bashev}, S.~A. and {Tyul'Basheva}, G.~E.},
	title = "{Radio emission from two anomalous X-ray pulsars}",
	journal = {Astronomy Reports},
	year = 2005,
	number = 3,
	volume = 49,
	pages = {242-249},
}

@article{Istomin:2007,
	author         = "Istomin, {\relax Ya}. N. and Sobyanin, D. N.",
	title          = "{Electron-positron plasma generation in a magnetar
	magnetosphere}",
	journal        = "Astron. Lett.",
	volume         = "33",
	year           = "2007",
	pages          = "660-672",
}

@ARTICLE{Bulik:1998,
	author = {{Bulik}, T.},
	title = "{Photon splitting in strongly magnetized plasma}",
	journal = {Acta Astronomica},
	year = 1998,
	volume = 48,
	pages = {695-710},
}

@article{Elmfors:1998,
	author         = "Elmfors, Per and Skagerstam, Bo-Sture",
	title          = "{Thermally induced photon splitting}",
	journal        = "Phys. Lett.",
	volume         = "B427",
	year           = "1998",
	pages          = "197-205",
}

@article{Gies:2000,
	author         = "Gies, Holger",
	title          = "{QED effective action at finite temperature: Two loop
	dominance}",
	journal        = "Phys. Rev.",
	volume         = "D61",
	year           = "2000",
	pages          = "085021 (1-34)",
}

@article{Martinez:2001,
	author         = "Martinez Resco, J. M. and Valle Basagoiti, M. A.",
	title          = "{Matter induced vertices for photon splitting in a weakly
	magnetized plasma}",
	journal        = "Phys. Rev.",
	volume         = "D64",
	year           = "2001",
	pages          = "016006 (1-14)",
}

@article{Mikheev:2000,
	author         = "Кузнецов, А. В. and Михеев, Н. В.",
	title          = "{Взаимодействие нейтрино с сильно замагниченной электрон-позитронной плазмой}",
	journal        = "ЖЭТФ",
	volume         = "{118}",
	year           = "{2000}",
	number         = "{4}",
	pages          = "{863-876}",
	language     = {russian}      
}

@article{Weldon:1982,
	author         = "Weldon, H. Arthur",
	title          = "{Covariant calculations at finite temperature: The
	relativistic plasma}",
	journal        = "Phys. Rev.",
	volume         = "D26",
	year           = "1982",
	pages          = "1394-1433",
}

@article{Chist:2002mpla,
	author         = "Chistyakov, M. V. and Mikheev, N. V.",
	title          = "{Photon - neutrino interactions in strong magnetic field}",
	journal        = "Mod. Phys. Lett.",
	volume         = "A17",
	year           = "2002",
	number         = "39",
	pages          = "2553-2562",
}


@article{Parkh:2000,
	author         = "Mikheev, N. V. and Parkhomenko, A. Ya. and Vassilevskaya, L. A.",
	title          = "{  Magnetic-field influence on radiative axion decay into photons  
	of the same polarization}",
	journal        = "Ядерная физика",
	volume         = "{63}",
	year           = "{2000}",
	number         = "{6}",
	pages          = "{1122-1125}",
	language     = {russian}      
}

@ARTICLE{Usov:2002,
	author = {{Usov}, V.~V.},
	title = "{Photon splitting in the superstrong magnetic fields of pulsars}",
	journal = {Astrophys. J.},
	year = 2002,
	volume = 572,
	number = {1},
	pages = {L87-L90},
}

@article{Shabad:1983,
	author         = "Усов, В. В and Шабад, А. Е.",
	title          = "{О распаде гамма-квантов изгибного излучения вблизи поверхности пульсара}",
	journal        = "Письма в Астрон. журн.",
	volume         = "{9}",
	year           = "{1983}",
	pages          = "{401-404}",
	language     = {russian}      
}

@ARTICLE{Nagel,
	author = {{Nagel}, W.},
	title = "{Cyclotron line formation in the accretion column of an X-ray pulsar}",
	journal = {Astrophys. J.},
	year = 1980,
	volume = 236,
	pages = {904-910},
}

@ARTICLE{Itoh1992,
	author = {{Itoh}, N. and {Mutoh}, H. and {Hikita}, A. and {Kohyama}, Y.},
	title = "{Neutrino energy loss in stellar interiors. IV - Plasma neutrino process for strongly degenerate electrons}",
	journal = {Astrophys. J.},
	year = 1992,
	volume = 395,
	number = {2},
	pages = {622-631},
}

@article{Bisnovatyi:1979,
	author = "Бисноватый-Коган, Г. С.  and  Чечеткин, В. М.",
	title = "{Неравновесные оболочки нейтронных звезд, их роль в поддержании рентгеновского излучения и нуклеосинтезе}",
	journal = "Усп. физ. наук",
	year = "{1979}",
	volume = "{127}",
	number = "{2}",
	pages = "{263-296}",
	language     = {russian}      
}


@article{Chistyakov_nng:1999,
	author         = "Chistyakov, M. V. and Mikheev, N. V.",
	title          = "{Radiative neutrino transition neutrino $\to$ neutrino
	gamma in strongly magnetized plasma}",
	journal        = "Phys. Lett.",
	volume         = "B467",
	year           = "1999",
	pages          = "232-237",
}

@article{Gvozdev:2002,
	author         = "Гвоздев, А. А. and Огнев, И. С. ",
	title          = "{Процессы взаимодействия нейтрино с нуклонами оболочки коллапсирующей звезды с 
	сильным магнитным полем}",
	journal        = "ЖЭТФ",
	volume         = "{121}",
	year           = "{2002}",
	number         = "{6}",
	pages          = "{1219-1234}",
	language     = {russian}      
}

@article{Mikheev:2000uf,
	author         = "Mikheev, N. V. and Narynskaya, E. N.",
	title          = "{Neutrino electron processes in a dense magnetized
	plasma}",
	journal        = "Mod. Phys. Lett.",
	volume         = "A15",
	year           = "2000",
	pages          = "1551-1556",
}

@article{Borisov:2012,
	author         = "Борисов, А. В. and Керимов, Б. К. and Сизин, П. Е.",
	title          = "{Слабый и электромагнитный механизмы фоторождения нейтринных пар 
	в сильно замагниченном электронном газе}",
	journal        = "Ядерная физика.",
	volume         = "{75}",
	year           = "{2012}",
	number         = "{11}",      
	pages          = "{1379-1386}",
	language     = {russian}      
}

@BOOK{Okun,
	author       = {Л.Б. Окунь},
	title        = {Лептоны и кварки},
	publisher    = {Наука},
	address      = {Москва},
	year         = {1990},
	numpages        = {346},
	language     = {russian},
}

@article{Skobelev:2000,
	author         = "Скобелев, В. В.",
	title          = "{Комптоновский механизм генерации нейтрино и аксионов на эффективно-двумерном 
	замагниченном ферми-газе}",
	journal        = "ЖЭТФ",
	volume         = "{117}",
	year           = "{2000}",
	number         = "{6}",
	pages          = "{1059-1066}",
	language     = {russian}      
}

@ARTICLE{Burrows:1986,
	author = {{Burrows}, A. and {Lattimer}, J.~M.},
	title = "{The birth of neutron stars}",
	journal = {Astrophys. J.},
	year = 1986,
	volume = 307,
	pages = {178-196},
}

@ARTICLE{Prakash:1997,
	author = {{Prakash}, M. and {Bombaci}, I. and {Prakash}, M. and {Ellis}, P.~J. and 
	{Lattimer}, J.~M. and {Knorren}, R.},
	title = "{Composition and structure of protoneutron stars}",
	journal = {Phys. Rep.},
	year = 1997,
	volume = 280,
	pages = {1-77},
}

@article{Mikheev:1999,
	author         = "Василевская, Л. А. and Михеев, Н. В. and Овчинников, О. С. and Пархоменко, А. Я.",
	title          = "{Индуцированное взаимодействие аксиона с электронами во внешнем магнитном поле}",
	journal        = "Ядерная физика.",
	volume         = "{62}",
	year           = "{1999}",
	number         = "{9}",      
	pages          = "{1662–1667}",
	language     = {russian}      
}


@article{Mikheev:2006,
	author         = "Mikheev, N. V. and Narynskaya, E. N.",
	title          = "{Field-induced interaction of a pseudoscalar particle
	with photon in a magnetized $e^- e^+$ plasma}",
	journal        = "Mod. Phys. Lett.",
	volume         = "A21",
	year           = "2006",
	pages          = "433-444",
}

@article{MRV:1998,
	author         = "Mikheev, N. V. and Raffelt, G. and Vassilevskaya, L. A.",
	title          = "{Axion emission by magnetic field induced conversion of
	longitudinal plasmons}",
	journal        = "Phys. Rev.",
	volume         = "D58",
	year           = "1998",
	pages          = "055008 (1-5)",
}

@article{Mikheev:1998yg,
	author         = "Mikheev, N. V. and Ovchinnikov, O. S. and Vassilevskaya,
	L. A.",
	title          = "{$a \to e^+ e^-$ decay in a model with induced coupling to
	leptons}",
	journal        = "Mod. Phys. Lett.",
	volume         = "A13",
	year           = "1998",
	pages          = "321-326",
}

@article{RCh:2008,
	author         = "Румянцев, Д. А. and Чистяков, М. В.",
	title          = "{Влияние фотон-нейтринных процессов на остывание магнитара}",
	journal        = "ЖЭТФ.",
	volume         = "{134}",
	year           = "{2008}",
	number         = "{4}",
	pages          = "{627-636}",
	language     = {russian}      
}

@article{MikhRumShk:09,
	author         = "Михеев, Н. В. and Румянцев, Д. А. and Школьникова, Ю. Е.",
	title          = "{О резонансном рождении аксионов в магнитосфере магнитара}",
	journal        = "Письма в журн. эксперим. и теор. физ.",
	volume         = "{90}",
	year           = "{2009}",
	number         = "{9}",
	pages          = "{668-671}",
	language     = {russian}      
}

@article{RCh:2009a,
	author         = "Румянцев, Д. А. and Чистяков, М. В.",
	title          = "{Процессы с участием фотонов в сильно замагниченной плазме}",
	journal        = "Ядерная физика.",
	volume         = "{72}",
	year           = "{2009}",
	number         = "{2}",      
	pages          = "{334-339}",
	language     = {russian}      
}

@article{Rum:2013,
	author         = "Румянцев, Д. А.",
	title          = "{Резонансный механизм рождения $e^+e^-$ пар в сильном магнитном поле}",
	journal        = "Ядерная физика.",
	volume         = "{76}",
	year           = "{2013}",
	number         = "{12}",      
	pages          = "{1605-1609}",
	language     = {russian}      
}

@article{KuzRumSav:2014,
	author         = "Kuznetsov, A. V. and Rumyantsev, D. A. and Savin, V. N.",
	title          = "{Creation of electron-positron pairs at excited Landau
	levels by neutrino in a strong magnetic field}",
	journal        = "Int. J. Mod. Phys.",
	volume         = "A29",
	year           = "2014",
	number         = "26",
	pages          = "1450136",
}

@article{MRCh:2014,
	author         = "Михеев, Н. В. and Румянцев, Д. А. and Чистяков, М. В.",
	title          = "{Фоторождение нейтрино на электроне  в плотной замагниченной среде}",
	journal        = "ЖЭТФ.",
	volume         = "{146}",
	year           = "{2014}",
	number         = "{2}",
	pages          = "{289-296}",
	language     = {russian}      
}

@article{KuzRumShlen:2015,
	author         = "Kuznetsov, A. V. and Rumyantsev, D. A. and Shlenev, D.
	M.",
	title          = "{Generalized two-point tree-level amplitude $j f \to 
	j'f'$ in a magnetized medium}",
	journal        = "Int. J. Mod. Phys.",
	volume         = "A30",
	year           = "2015",
	number         = "11",
	pages          = "1550049",
}

@article{KuzRumSav:2016,
	author         = "Kuznetsov, A. V. and Rumyantsev, D. A. and Savin, V. N.",
	title          = "{Neutrino processes $\nu \bar\nu \to e^- e^+$ and $\nu
	\to \nu e^- e^+$ in a strong magnetic field}",
	booktitle      = "{International Conference on Particle Physics and
	Astrophysics (ICPPA 2015) Moscow, Russia, October 5-10,
	2015}",
	journal        = "J. Phys. Conf. Ser.",
	volume         = "675",
	year           = "2016",
	number         = "3",
	pages          = "032019",
}

@article{RumChistShlen:2016,
	author         = "Chistyakov, M. V.  and Rumyantsev, D. A. and  Shlenev, D. M.",
	title          = "{Photon splitting in a strongly magnetized, charge-asymmetric plasma}",
	booktitle      = "{19th International Seminar on High Energy Physics (QUARKS-2016)
	Pushkin, Russia, 29 May - 4 June, 2016}",
	journal        = "EPJ Web Conf.",
	volume         = "125",
	year           = "2016",
	pages          = "04017 (1-11)",
}

%%%%%%%%%%%%%%%%%%%%%%%%%%%%%%%%%%%%%%%%%%%%%%%%%%%%%%%%%%%%%%%%%%%%%%%%%%%%%%%%%%%%%%%%%%%%%%%

@inproceedings{KuzRumSav:2016lom,
	author         = "Kuznetsov, A. V. and Rumyantsev, D. A. and Savin, V. N.",
	title          = "{Neutrino production of $e^+e^-$ pairs in a strong magnetic field}",
	booktitle      = "{Proceeding of the Seventeenth Lomonosov Conference on Elementary  
	Particle Physics. Particle Physics at the Year of Light. Moscow, Russia, August 20-26,  2015}",
	year           = "2015",
	pages          = "525-527",
}



@inproceedings{RCh_Q2006,
	author         = "Chistyakov, M. V. and Rumyantsev, D. A.",
	title          = "{The Compton effect in a strongly magnetized plasma}",
	booktitle      = "{Quarks'2006. Proc. 14-th Int. Sem. «Quarks'2006», St.-Petersburg, 
	Repino, Russia, 2006.  Eds. S.V. Demidov et al.  Inst. Nucl. Res. RAS. Moscow}",
	volume         = "{2}",
	year           = "2007",
	pages          = "255-263",
}

@inproceedings{RCh_Q2008_1,
	author         = "Chistyakov, M. V. and Rumyantsev, D. A.",
	title          = "{Influence of the photon - neutrino processes on magnetar
	cooling}",
	booktitle      = "{Quarks'2008.  Proc. of 15-th Int. Sem. «Quarks'2008>, Sergiev Posad, Russia, 2008. Eds. by V. A. Duk, e.a. Inst. Nucl. Res. RAS. Moscow}",
	year           = "2010",
	pages          = "382-389",
}

@inproceedings{RCh_Q2008_2,
	author         = "Chistyakov, M. V. and Rumyantsev, D. A.",
	title          = "{Electromagnetic Processes In Strongly Magnetized
	Plasma}",
	booktitle      = "{Quarks'2008.  Proc. of 15-th Int. Sem. «Quarks'2008», Sergiev Posad, Russia, 2008. Eds. by V. A. Duk, e.a. Inst. Nucl. Res. RAS. Moscow}",
	year           = "2010",
	pages          = "75-84",
}

@inproceedings{MikhRumShk_Q2010,
	author         = "Mikheev, N. V. and Rumyantsev, D. A. and Shkol'nikova,
	{\relax Yu}. E.",
	title          = "{Resonant $\gamma \to a$ transition in magnetar
	magnitosphere}",
	booktitle      = "{Quarks'2010. Proc. of 16-th Int. Sem. «Quarks'2010», Kolomna, Russia, 2010. Ed. by V. A.Matveev, e.a. Inst. Nucl. Res., Moscow}",
	year           = "2010",
	pages          = "364-369",
}

@inproceedings{Rum_Q2012,
	author         = "Rumyantsev, D. A.",
	title          = "{Resonant electron-positron pairs production in magnetar polar cap}",
	booktitle      = "{Quarks'2012. Proc. of  17-th Int. Seminar «Quarks'2012», Yaroslavl, Russia, 2012.  Ed. by V.A.~Khlebnikov, e.a. Inst. 
	Nucl. Res., Moscow}",
	volume         = "{2}",
	year           = "2013",
	pages          = "222-228",
}

@inproceedings{Chistyakov:2014cga,
	author         = "Chistyakov, M. V. and Kuznetsov, A. V. and Mikheev, N. V.
	and Rumyantsev, D. A. and Shlenev, D. M.",
	title          = "{Neutrino photoproduction on electron in dense magnetized
	medium}",
	booktitle      = "{Quarks'2014. Proc. of 18-th Int. Sem. «Quarks'2014», Suzdal, Russia, 2014. Ed. by P. S. Satunin, e.a. Inst. Nucl. Res., Moscow}",
	year           = "2015",
	pages          = "322--329",
}

@inproceedings{Kuznetsov:2014iga,
	author         = "Kuznetsov, A. V. and Rumyantsev, D. A. and Savin, V. N.",
	title          = "{Neutrino production of electron-positron pairs at
	excited Landau levels in a strong magnetic field}",
	booktitle      = "{Quarks'2014. Proc. of 18-th Int. Sem. «Quarks'2014», Suzdal, Russia, 2014. Ed. by P. S. Satunin, e.a. Inst. Nucl. Res., Moscow}",
	year           = "2015",
	pages          = "315--321",
}

%%%%%%%%%%%%%%%%%%%%%%%%%%%%%%%%%%%%%%%%%%%%%%%%%%%%%%%%%%%%%%%%%%%%%%%%%%%%%%%%%%%%%%%%%%%%%%%%%%%%%%%%%%%%%%%%%%%%%
@article{MikhRumShk_vestn2009,
	author         = "Михеев, Н. В. and Румянцев, Д. А. and Школьникова, Ю. Е.",
	title          = "{Резонансный $\gamma \to a$  переход в магнитосфере магнитара}",
	journal        = "Вестник Ярославского государственного университета им. П.Г.Демидова. 
	Серия Естественные и технические науки",
	year           = "{2009}",
	number         = "{1}",      
	pages          = "{25--28}",
	language     = {russian}      
}

@article{MikhRumShk_vestn2011,
	author         = "Михеев, Н. В. and Румянцев, Д. А. and Школьникова, Ю. Е.",
	title          = "{Резонансный  механизм рождения аксионов в магнитосфере магнитара}",
	journal        = "Вестник Ярославского государственного университета им. П.Г.Демидова. 
	Серия Естественные и технические науки",
	year           = "{2011}",
	number         = "{1}",      
	pages          = "{43--47}",
	language     = {russian}      
}

@article{RumStus_vestn2011,
	author         = "Румянцев, Д. А. and Стусь, Н. С.",
	title          = "{Резонансное рождение электрон-позитронных пар в полярной шапке магнитара}",
	journal        = "Вестник Ярославского государственного университета им. П.Г.Демидова. 
	Серия Естественные и технические науки",
	year           = "{2011}",
	number         = "{2}",      
	pages          = "{32--37}",
	language     = {russian}      
}


@article{Kuznetsov:2013,
	author         = "Kuznetsov, A. V. and Rumyantsev, D. A. and Shlenev, D.
	M.",
	title          = "{Generalized two-point tree-level amplitude $jf \to j^{\,
	\prime} f^{\, \prime}$ in a magnetized medium (extended
	version)}",
	eprint         = "1312.5719",
	archivePrefix  = "arXiv",
	primaryClass   = "hep-ph",
	year           = "2013",
}

@article{KuzRumSav:2014v,
	author         = "Кузнецов, А. В. and Румянцев, Д. А. and Савин, В. Н.",
	title          = "{Нейтринное рождение электрон-позитронных пар в магнитном поле произвольной интенсивности}",
	journal        = "Вестник Ярославского государственного университета им. П.Г.Демидова. 
	Серия Естественные и технические науки",
	year           = "{2014}",
	number         = "{1}",      
	pages          = "{7--13}",
	language     = {russian}      
}

@article{KuzRumShlen:2015v,
	author         = "Кузнецов, А. В. and Румянцев, Д. А. and Шленев, Д. М.",
	title          = "{Обобщённая древесная амплитуда рассеяния в замагниченной среде}",
	journal        = "Вестник Ярославского государственного университета им. П.Г.Демидова. 
	Серия Естественные и технические науки",
	year           = "{2015}",
	number         = "{1}",      
	pages          = "{16--26}",
	language     = {russian}      
}

@BOOK{Raffelt:1996,
	author       = {Raffelt, G. G.},
	title        = {Stars as laboratories for fundamental physics},
	publisher    = {University of Chicago Press},
	address      = {Chicago},
	year         = {1996},
	numpages        = {664},
}

@BOOK{Zeldovich:1971,
	author       = {Зельдович, Я. Б. and Новиков, И. Д.},
	title        = {Теория тяготения и эволюция звезд},
	publisher    = {Наука},
	address      = {Москва},
	year         = {1971},
	numpages        = {484},
	language     = {russian},
}

@BOOK{Lipunov:1987,
	author       = {Липунов, В. М.},
	title        = {Астрофизика нейтронных звезд},
	publisher    = {Наука},
	address      = {Москва},
	year         = {1987},
	numpages        = {294},
	language     = {russian},
}

@article{Quinn:1977,
	author         = "Peccei, R. D. and Quinn, Helen R.",
	title          = "{Constraints imposed by CP conservation in the presence
	of instantons}",
	journal        = "Phys. Rev.",
	volume         = "D16",
	year           = "1977",
	pages          = "1791-1797",
}

@BOOK{KM_Book_2003,
	author       = {Kuznetsov, A. V. and Mikheev, N. V.},
	title        = {Electroweak processes in external electromagnetic fields},
	publisher    = {Springer-Verlag},
	address      = {New York},
	year         = {2003},
	numpages        = {120},
}

@article{Fradkin,
	author       = {Фрадкин, Е. С.},
	title        = {Метод функций Грина в теории квантованных полей и квантовой статистике},
	journal        = "Тр. ФИАН СССР",
	publisher    = {Наука},
	address      = {Москва},
	year         = {1965},
	volume         = "{29}",
	pages        = {7-138},
	language     = {russian},
}

@ARTICLE{Beloborodov:2007,
	author = {{Beloborodov}, A.~M. and {Thompson}, C.},
	title = "{Corona of magnetars}",
	journal = {Astrophys. J.},
	year = 2007,
	volume = 657,      
	number = 2,
	pages = {967-993},
}

@article{MGU,
      author         = "Борисов, А. В. and Вшивцев, А. С. and Жуковский, В Ч. and Эминов, П. А.",
      title          = "{Фотоны и лептоны во внешних полях при конечных температуре и плотности}",
      journal        = "УФН",
      volume         = "{167}",
      year           = "{1997}",
      number         = "{3}",
      pages          = "{241-267}",
      language     = {russian}      
}

@article{Zhukovskii:1994,
      author         = "Жуковский, В. Ч. and Мидодашвили, П. Г. and Эминов, П. А.",
      title          = "{Мнимая часть массового оператора электрона в постоянном поле при конечной температуре и плотности}",
      journal        = "Журн. эксперим. и теор. физ.",
      volume         = "{106}",
      year           = "{1994}",
      number         = "{4}",
      pages          = "{929-935}",
      language     = {russian}      
}

@article{Kouveliotou:1998ze,
      author         = "Kouveliotou, C. and others",
      title          = "{An X-ray pulsar with a superstrong magnetic field in the
                        soft gamma-ray repeater SGR 1806-20.}",
      journal        = "Nature",
      volume         = "393",
      year           = "1998",
      pages          = "235-237",
}

@article{Kouveliotou:1998fd,
      author         = "Kouveliotou, Chryssa and Strohmayer, Tod and Hurley,
                        Kevin and van Paradijs, Jan and Finger, Mark H. and
                        Dieters, Stefan and Woods, Peter and Thompson, Christopher
                        and Duncan, Robert S.",
      title          = "{Discovery of a magnetar associated with the soft gamma
                        repeater SGR 1900+14}",
      journal        = "Astrophys. J.",
      volume         = "510",
      year           = "1999",
      pages          = "L115-118",
}

@article{Gavriil:2002mc,
      author         = "Gavriil, Fotis P. and Kaspi, V. M. and Woods, P. M.",
      title          = "{Magnetar - like x-ray bursts from an anomalous x-ray
                        pulsar}",
      journal        = "Nature",
      volume         = "419",
      year           = "2002",
      pages          = "142-144",
}

@article{Ibrahim:2002zy,
      author         = "Ibrahim, Alaa I. and Swank, Jean H. and Parke, William",
      title          = "{New evidence for proton cyclotron resonance in a
                        magnetar strength field from SGR 1806-20}",
      journal        = "Astrophys. J.",
      volume         = "584",
      year           = "2003",
      pages          = "L17-L22",
}

@article{Ibrahim:2002zw,
      author         = "Ibrahim, Alaa I. and Safi-Harb, Samar and Swank, Jean H.
                        and Parke, William and Zane, Silvia",
      title          = "{Discovery of cyclotron resonance features in the soft
                        gamma repeater SGR 1806-20}",
      journal        = "Astrophys. J.",
      volume         = "574",
      year           = "2002",
      pages          = "L51-L55",
}


%%%%%%%%%%%%%%%%%%%%%%%%%%%%%%%%%%%%%%%%%%%%%%%%%%%%%%%%%%%%%
%%%%%%%%%%%%%%%%%%%%%%%%%%%%%%%%%%%%%%%%%%%%%%%%%%%%%%%%%%%%%
%%%														%%%%%%
%%%							Chapter I 					%%%%%%
%%%													    %%%%%%
%%%%%%%%%%%%%%%%%%%%%%%%%%%%%%%%%%%%%%%%%%%%%%%%%%%%%%%%%%%%%
%%%%%%%%%%%%%%%%%%%%%%%%%%%%%%%%%%%%%%%%%%%%%%%%%%%%%%%%%%%%%

@article{Canuto:1975,
author = {Canuto, V.},
title = {Quantum processes in strong magnetic fields},
journal = {Ann. N. Y. Acad. Sci.},
volume = {257},
number = {1},
pages = {108-126},
year = {1975}
}

@ARTICLE{Harding:1991,
       author = {{Harding}, Alice K. and {Daugherty}, Joseph K.},
        title = "{Cyclotron Resonant Scattering and Absorption}",
      journal = {Astrophys. J.},
         year = 1991,
       volume = {374},
        pages = {687--699},
}

@ARTICLE{Suh:1999,
       author = {{Suh}, In-Saeng and {Mathews}, G.~J.},
        title = "{Weak reaction freeze-out constraints on primordial magnetic fields}",
      journal = {Phys. rev. D},
         year = 1999,
       volume = {59},
       number = {12},
        pages = {123002},
}

@ARTICLE{Gonthier:2000,
       author = {{Gonthier}, Peter Lett. and {Harding}, Alice K. and {Baring}, Matthew G. and {Costello}, Rachel M. and {Mercer}, Cassandra Lett.},
        title = "{Compton Scattering in Ultrastrong Magnetic Fields: Numerical and Analytical Behavior in the Relativistic Regime}",
      journal = {Astrophys. J.},
         year = 2000,
       volume = {540},
       number = {2},
        pages = {907-922},
}

@ARTICLE{Jones:2010,
       author = {{Jones}, P.~B.},
        title = "{Electron-positron bremsstrahlung and pair creation in very high magnetic fields}",
      journal = {Mon. Not. Roy.  Astron. Soc.},
         year = 2010,
       volume = {409},
       number = {4},
        pages = {1719-1727},
}

@ARTICLE{Melrose:2020,
       author = {{Melrose}, D.~B.},
        title = "{Quantum kinetic theory for unmagnetized and magnetized plasmas}",
      journal = {Rev. Mod. Plasma Phys.},
     keywords = {Quantum fluid theory, Quantum kinetic theory, Quantum plasmadynamics, Magnetized vacuum},
         year = 2020,
       volume = {4},
       number = {8},
}

@ARTICLE{Graziani:1993,
       author = {{Graziani}, Carlo},
        title = "{Strong-Field Cyclotron Scattering. I. Scattering Amplitudes and Natural Line Width}",
      journal = {Astrophys. J.},
         year = 1993,
       volume = {412},
        pages = {351--362},
}

%%%%%%%%%%%%%%%%%%%%%%%%%%%%%%%%%%%%%%%%%%%%%%%%%%%%%%%%%%%%%
%%%%%%%%%%%%%%%%%%%%%%%%%%%%%%%%%%%%%%%%%%%%%%%%%%%%%%%%%%%%%
%%%													   %%%%%%
%%%							Chapter II 				   %%%%%%
%%%													   %%%%%%
%%%%%%%%%%%%%%%%%%%%%%%%%%%%%%%%%%%%%%%%%%%%%%%%%%%%%%%%%%%%%
%%%%%%%%%%%%%%%%%%%%%%%%%%%%%%%%%%%%%%%%%%%%%%%%%%%%%%%%%%%%%

@article{Loskutov:1976,
title = {Nonlinear electrodynamics in a superstrong magnetic field},
journal = {Physics Letters A},
volume = {56},
number = {3},
pages = {151-152},
year = {1976},
author = {Yu.M. Loskutov and V.V. Skobelev},
}

@article{Schwinger:1951,
  title = {On Gauge Invariance and Vacuum Polarization},
  author = {Schwinger, Julian},
  journal = {Phys. Rev.},
  volume = {82},
  issue = {5},
  pages = {664--679},
  numpages = {0},
  year = {1951},
  month = {Jun},
  publisher = {American Physical Society},
}

@article{Jancovici:1969,
  author = {{Jancovici}, B.},
  title = {Radiative Correction to the Ground-State Energy of an Electron in an Intense Magnetic Field},
  journal = {Phys. Rev.},
  volume = {187},
  pages = {2275-2276},
  year = {1969},
}

@article{Tsai:1974,
      author         = "Tsai, W. -Y.",
      title          = "{Vacuum polarization in homogeneous magnetic fields}",
      journal        = "Phys. Rev.",
      volume         = "D10",
      year           = "1974",
      number         = "8",
      pages          = "2699-2702",
}

@article{Skobelev:1975,
      author         = "Скобелев, В. В.",
      title          = "{Поляризационный оператор фотона в сверхсильном магнитном поле}",
      journal        = "{Изв. вузов. Физика}",
      year           = "{1975}",
      number         = "{10}",
      pages          = "{142-143}",
      language     = {russian}      
}

%%%%%%%%%%%%%%%%%%%%%%%%%%%%%%%%%%%%%%%%%%%%%%%%%%%%%%%%%%%%%
%%%%%%%%%%%%%%%%%%%%%%%%%%%%%%%%%%%%%%%%%%%%%%%%%%%%%%%%%%%%%
%%%																		%%%%%%
%%%							Chapter III.a) 										%%%%%%
%%%																		%%%%%%
%%%%%%%%%%%%%%%%%%%%%%%%%%%%%%%%%%%%%%%%%%%%%%%%%%%%%%%%%%%%%
%%%%%%%%%%%%%%%%%%%%%%%%%%%%%%%%%%%%%%%%%%%%%%%%%%%%%%%%%%%%%

@ARTICLE{Daugherty:1986,
       author = {{Daugherty}, Joseph K. and {Harding}, Alice K.},
        title = "{Compton Scattering in Strong Magnetic Fields}",
	journal = "{Astrophys. J.}",
         year = 1986,
       volume = {309},
        pages = {362},
}

@ARTICLE{Melrose:1983III,
       author = {{Melrose}, D.~B. and {Parle}, A.~J.},
        title = "{Quantum Electrodynamics in Strong Magnetic Fields III. Electron-photon interactions}",
      journal = {Aust. J. Phys.},
       volume = {36},
        pages = {799},
	year = 1983,
}

@ARTICLE{Bussard:1986,
       author = {{Bussard}, R.~W. and {Alexander}, S.~B. and {Meszaros}, P.},
        title = "{One- and two-photon Compton scattering in strong magnetic fields}",
      journal = {Phys. Rev. D},
         year = 1986,
       volume = {34},
        pages = {440-451},
}

@article{Canuto:1971,
  title = {Thomson Scattering in a Strong Magnetic Field},
  author = {Canuto, V. and Lodenquai, J. and Ruderman, M.},
  journal = {Phys. Rev. D},
  volume = {3},
  issue = {10},
  pages = {2303--2308},
  year = {1971},
}

@article{Potekhin:2004,
	year = {2004},
	month = {sep},
	publisher = {},
	volume = {612},
	number = {2},
	pages = {1034},
	author = {Alexander Y. Potekhin and Dong Lai and Gilles Chabrier and Wynn 
	C. G. Ho},
	title = {Electromagnetic Polarization in Partially Ionized Plasmas with 
	Strong Magnetic Fields and Neutron Star Atmosphere Models},
	journal = {The Astrophysical Journal},
}

@ARTICLE{Daugherty:1989,
	author = {{Daugherty}, Joseph K. and {Harding}, Alice K.},
	title = "{Comptonization of Thermal Photons by Relativistic Electron Beams}",
	journal = {Astrophys. J.},
	year = 1989,
	volume = {336},
	pages = {861},
}

@article{Truemper1978,
	author = {{Truemper}, J. and {Pietsch}, W. and {Reppin}, C. and {Voges}, W. 
	and {Staubert}, R. and {Kendziorra}, E.},
	title = {Evidence for strong cyclotron line emission in the hard X-ray 
	spectrum of Hercules X-1},
	year = {1978},
	journal = {Astrophys. J.},
	volume = {219},
	pages = {L105-L110},
}

@article{Makishima1990,
	author = {{Makishima}, K. and {Mihara}, T. and {Ishida}, M. and et al.},
	title = {Discovery of a prominent cyclotron absorption feature from the 
	transient X-ray pulsar X0331 + 53},
	year = {1990},
	journal = {Astrophys. J. Lett.},
	volume = {365},
	pages = {L59-L62},
}

@article{Grove1995,
	author = {{Grove}, J.~E. and {Strickman}, M.~S. and {Johnson}, W.~N. and et 
	al.},
	title = {The soft gamma-ray spectrum of A0535+26: Detection of an 
	absorption feature at 110 keV by OSSE},
	year = {1995},
	journal = {Astrophys. J. Lett.},
	volume = {438},
	pages = {L25-L28},
}

@article{Wheaton1979,
	author = {{Wheaton}, Wm.~A. and {Doty}, J.~P. and {Primini},F.~A. and et 
	al.},
	title = {An absorption feature in the spectrum of the pulsed hard X-ray 
	flux from 4U0115 + 63},
	year = {1979},
	journal = {Nature},
	volume = {282},
	pages = {240-243},
}

@article{Borner1979,
	author = {{Borner}, G. and {M$\acute{e}$sz$\acute{a}$ros}, P.},
	title = {Classical calculation of Thomson cross-sections in the presence of a 
	strong magnetic field},
	year = {1979},
	journal = {Plasma Phys.},
	volume = {21},
	number = {4},
	pages = {357},
}

@article{Ventura:1979,
	author = {{Ventura}, J.},
	title = {Scattering of light in a strongly magnetized plasma},
	year = {1979},
	journal = {Phys. Rev.},
	volume = {D19},
	pages = {1684-1695},
}

@article{Gnedin1973,
	author = {{Гнедин}, Ю.~Н. and {Сюняев}, Р.~А.},
	title = {Рассеяние излучения на тепловых электронах в магнитном поле},
	year = {1973},
	journal = {Журн. эксперим. и теор. физ.},
	volume = {65},
	number = {1},
	pages = {102},
	language = {russian},
}

@article{Mihara:1990,
	author = {Mihara, T. and Makishima, K. and Ohashi, T. and Sakao, T. and Tashiro, M. and Nagase, F. and Tanaka, Y. and Kitamoto, S. and Miyamoto, S. and Deeter, J. E. and Boynton, P. E.},
	title = {New observations of the cyclotron absorption feature in Hercules X–1},
	year = {1990},
	journal = {Nature},
	volume = {346},
	pages = {250-252},
}