%%%%%%%%%%%%%%%%%%%%%%%%%%%%%%%%%%%%%%%%%%%%%%%%%%%%%%%%%%%%%%%%%%%%%%%%%%%%%%%%%
%
%          Introduction
%
%%%%%%%%%%%%%%%%%%%%%%%%%%%%%%%%%%%%%%%%%%%%%%%%%%%%%%%%%%%%%%%%%%%%%%%%%%%%%%%%%
@article{DongLai:2001,
  title = {Matter in strong magnetic fields},
  author = {Lai, D.},
  journal = {Rev. Mod. Phys.},
  volume = {73},
  issue = {3},
  pages = {629--662},
  year = {2001},
}

@article{Kim:2023,
       author = {{Kim}, Vitaliy and {Umirbayeva}, Adel and {Aimuratov}, Yerlan},
        title = "{Estimates of the Surface Magnetic Field Strength of Radio Pulsars}",
      journal = {Universe},
         year = 2023,
       volume = {9},
       number = {7},
        pages = {334},
}


@INPROCEEDINGS{Trumper:1977,
       author = {Tr{\"u}mper, J. and Pietsch, W. and Reppin, C. and Sacco, B.},
        title = "{Evidence for Strong Cyclotron Emission in the Hard X-Ray Spectrum of Her X-1}",
    booktitle = {Eighth Texas Symposium on Relativistic Astrophysics},
         year = {1977},
       editor = {Papagiannis, Michael D.},
       volume = {302},
        pages = {538},
}

@ARTICLE{Mazets:1979,
       author = {{Mazets}, E.~P. and {Golenetskij}, S.~V. and {Guryan}, Y.~A.},
        title = "{Soft gamma-ray bursts from the source B1900+14}",
      journal = {Soviet Astronomy Letters},
         year = 1979,
       volume = {5},
        pages = {343},
}

@ARTICLE{Mereghetti:1995,
       author = {{Mereghetti}, S. and {Stella}, L.},
        title = "{The Very Low Mass X-Ray Binary Pulsars: A New Class of Sources?}",
      journal = {Astrophys. J.~L},
         year = 1995,
       volume = {442},
        pages = {L17},
}

@ARTICLE{Hurley:1999,
       author = {{Hurley}, K. and {Kouveliotou}, C. and {Woods}, P. and {Cline}, T. and {Butterworth}, P. and {Mazets}, E. and {Golenetskii}, S. and {Frederics}, D.},
        title = "{Reactivation and Precise Interplanetary Network Localization of the Soft Gamma Repeater SGR 1900+14}",
      journal = {Astrophys. J.~L},
     keywords = {GAMMA RAYS: BURSTS, STARS: NEUTRON, ISM: SUPERNOVA REMNANTS, Gamma Rays: Bursts, Stars: Neutron, ISM: Supernova Remnants, Astrophysics},
         year = 1999,
       volume = {510},
       number = {2},
        pages = {L107-L109},
}

@ARTICLE{Hurley:1999b,
       author = {{Hurley}, K. and {Cline}, T. and {Mazets}, E. and {Barthelmy}, S. and {Butterworth}, P. and {Marshall}, F. and {Palmer}, D. and {Aptekar}, R. and {Golenetskii}, S. and {Il'Inskii}, V. and {Frederiks}, D. and {McTiernan}, J. and {Gold}, R. and {Trombka}, J.},
        title = "{A giant periodic flare from the soft {\ensuremath{\gamma}}-ray repeater SGR1900+14}",
      journal = {Nature},
     keywords = {Astrophysics},
         year = 1999,
       volume = {397},
       number = {6714},
        pages = {41-43},
}

@ARTICLE{Thompson:2002,
       author = {{Thompson}, C. and {Lyutikov}, M. and {Kulkarni}, S.~R.},
        title = "{Electrodynamics of Magnetars: Implications for the Persistent X-Ray Emission and Spin-down of the Soft Gamma Repeaters and Anomalous X-Ray Pulsars}",
      journal = {Astrophys. J.},
     keywords = {Gamma Rays: Bursts, Stars: Neutron, X-Rays: Stars, Astrophysics},
         year = 2002,
       volume = {574},
       number = {1},
        pages = {332-355},
}

@ARTICLE{Hurley:2005,
       author = {{Hurley}, K. and {Boggs}, S.~E. and {Smith}, D.~M. and {Duncan}, R.~C. and {Lin}, R. and {Zoglauer}, A. and {Krucker}, S. and {Hurford}, G. and {Hudson}, H. and {Wigger}, C. and {Hajdas}, W. and {Thompson}, C. and {Mitrofanov}, I. and {Sanin}, A. and {Boynton}, W. and {Fellows}, C. and {von Kienlin}, A. and {Lichti}, G. and {Rau}, A. and {Cline}, T.},
        title = "{An exceptionally bright flare from SGR 1806-20 and the origins of short-duration {\ensuremath{\gamma}}-ray bursts}",
      journal = {Nature},
     keywords = {Astrophysics},
         year = 2005,
       volume = {434},
       number = {7037},
        pages = {1098-1103},
}

@ARTICLE{Younes:2021,
       author = {{Younes}, G. and {Baring}, M.~G. and {Kouveliotou}, C. and {Arzoumanian}, Z. and {Enoto}, T. and {Doty}, J. and {Gendreau}, K.~C. and {G{\"o}{\v{g}}{\"u}{\c{s}}}, E. and {Guillot}, S. and {G{\"u}ver}, T. and {Harding}, A.~K. and {Ho}, W.~C.~G. and {van der Horst}, A.~J. and {Hu}, C. -P. and {Jaisawal}, G.~K. and {Kaneko}, Y. and {LaMarr}, B.~J. and {Lin}, L. and {Majid}, W. and {Okajima}, T. and {Pope}, J. and {Ray}, P.~S. and {Roberts}, O.~J. and {Saylor}, M. and {Steiner}, J.~F. and {Wadiasingh}, Z.},
        title = "{Broadband X-ray burst spectroscopy of the fast-radio-burst-emitting Galactic magnetar}",
      journal = {Nature Astronomy},
     keywords = {Astrophysics - High Energy Astrophysical Phenomena},
         year = 2021,
       volume = {5},
        pages = {408-413},
}

@ARTICLE{Yakovlev:2004,
       author = {{Yakovlev}, D.~G. and {Pethick}, C.~J.},
        title = "{Neutron Star Cooling}",
      journal = {Annu. Rev. Astron. Astrophys.},
     keywords = {Astrophysics},
         year = 2004,
       volume = {42},
       number = {1},
        pages = {169-210},
}


@article{Fernandez:2007,
year = {2007},
volume = {660},
number = {1},
pages = {615},
author = {Rodrigo Fernandez and Christopher Thompson},
title = {Resonant Cyclotron Scattering in Three Dimensions and the Quiescent Nonthermal X-ray Emission of Magnetars},
journal = {Astrophys. J.},
}

@ARTICLE{Melrose:2020,
       author = {{Melrose}, D.~B.},
        title = "{Quantum kinetic theory for unmagnetized and magnetized plasmas}",
      journal = {Reviews of Modern Plasma Physics},
     keywords = {Quantum fluid theory, Quantum kinetic theory, Quantum plasmadynamics, Magnetized vacuum},
         year = 2020,
       volume = {4},
       number = {8},
}

@ARTICLE{Suh:1999,
       author = {{Suh}, In-Saeng and {Mathews}, G.~J.},
        title = "{Weak reaction freeze-out constraints on primordial magnetic fields}",
      journal = {Phys. rev. D},
         year = 1999,
       volume = {59},
       number = {12},
        pages = {123002},
}

@ARTICLE{Jones:2010,
       author = {{Jones}, P.~B.},
        title = "{Electron-positron bremsstrahlung and pair creation in very high magnetic fields}",
      journal = {Mon. Not. Roy.  Astron. Soc.},
         year = 2010,
       volume = {409},
       number = {4},
        pages = {1719-1727},
}

@article{Canuto:1975,
author = {Canuto, V.},
title = {Quantum processes in strong magnetic fields},
journal = {Annals of the New York Academy of Sciences},
volume = {257},
number = {1},
pages = {108-126},
year = {1975}
}



@article{Mushtukov:2012,
  title = {Relativistic kinetic equation for Compton scattering of polarized radiation in a strong magnetic field},
  author = {Mushtukov, Alexander A. and Nagirner, Dmitrij I. and Poutanen, Juri},
  journal = {Phys. Rev. D},
  volume = {85},
  issue = {10},
  pages = {103002},
  numpages = {21},
  year = {2012},
}


@ARTICLE{Burnard:1990,
       author = {{Burnard}, David J. and {Klein}, Richard I. and {Arons}, Jonathan},
        title = "{Continuum radiative transfer in the polar columns of accretion powered pulsars - Incoherent scattering}",
      journal = {Astrophys. J.},
         year = 1990,
       volume = {349},
        pages = {262-273},
}

@article{Araya:1999,
year = {1999},
volume = {517},
number = {1},
pages = {334},
author = {Rafael A. Araya and Alice K. Harding},
title = {Cyclotron Line Features from Near-critical Magnetic Fields: The Effect of Optical Depth and Plasma Geometry},
journal = {Astrophys. J.},
}


@article{Erber:1966,
  title = {High-Energy Electromagnetic Conversion Processes in Intense Magnetic Fields},
  author = {ERBER, T.},
  journal = {Rev. Mod. Phys.},
  volume = {38},
  issue = {4},
  pages = {626--659},
  year = {1966},
}



@article{ Staubert:2019,
	author = {{Staubert, R.} and {Tr\"umper, J.} and {Kendziorra, E.} and {Klochkov, D.} and {Postnov, K.} and {Kretschmar, P.} and {Pottschmidt, K.} and {Haberl, F.} and {Rothschild, R. E.} and {Santangelo, A.} and {Wilms, J.} and {Kreykenbohm, I.} and {F\"urst, F.}},
	title = {Cyclotron lines in highly magnetized neutron stars},
	journal = {Astronomy ${\&}$ Astrophysics},
	year = 2019,
	volume = 622,
	pages = "A61",
}

@article{Mitrofanov:1982,
    author = {Mitrofanov, I. G. and Pavlov, G. G.},
    title = "{Magnetic field strongly reduces critical luminosity of neutron stars and degenerate dwarfs}",
    journal = {Mon. Not. Roy.  Astron. Soc.},
    volume = {200},
    number = {4},
    pages = {1033-1037},
    year = {1982},
}

@article{Baring:2018,
    author = {Baring, Matthew G. and Harding, Alice K.},
    title = "{Modeling the Non-Thermal X-ray Tail Emission of Anomalous X-ray Pulsars}",
    journal = {AIP Conference Proceedings},
    volume = {968},
    number = {1},
    pages = {93-100},
    year = {2008},
}

@article{Kaspi:2017,
author = {Kaspi, Victoria M. and Beloborodov, Andrei M.},
title = {Magnetars},
journal = {Annual Review of Astronomy and Astrophysics},
volume = {55},
number = {1},
pages = {261-301},
year = {2017},
}

@BOOK{Berestetskii:1989,
  author       = {В. Б. Берестецкий and Е. М. Лифшиц and Л. П. Питаевский},
  title        = {Квантовая электродинамика},
  publisher    = {Наука},
  address      = {Москва},
  year         = {1989},
  numpages        = {728},
  language     = {russian},
}

@article{Suleimanov:2007it,
      author         = "Suleimanov, Valery and Werner, K.",
      title          = "{Importance of Compton scattering for radiation spectra
                        of isolated neutron stars with weak magnetic fields}",
      journal        = "Astron. {$\&$} Astrophys.",
      year           = "2007",
      pages          = "661-668",
	vol = "466",
}


@article{Kuznetsov:2015,
      author         = "Kuznetsov, A. V. and Rumyantsev, D. A. and Shlenev, D.
                        M.",
      title          = "{Generalized two-point tree-level amplitude $j f \to 
                        j'f'$ in a magnetized medium}",
      journal        = "Int. J. Mod. Phys.",
      volume         = "A30",
      year           = "2015",
      number         = "11",
      pages          = "1550049",
}


@ARTICLE{Kostenko:2018,
   author = {{Kostenko}, A. and {Thompson}, C.},
    title = "{QED Phenomena in an Ultrastrong Magnetic Field. I. Electron-Photon Scattering, Pair Creation, and Annihilation}",
  journal = {Astrophys. J.},
     year = 2018,
    number= 1,
   volume = 869,
    pages = {44 (1-19)},
}


@article{Philippov_2020,
   author={Philippov, A. and Timokhin, A. and Spitkovsky, A.},
   title={Origin of Pulsar Radio Emission},
   journal={Physical Review Letters},
   volume={124},
   year={2020},
   number={24},
   pages = {245101},
}

@article{Shabad:1988,
  author       = {Шабад, А. Е.},
  title        = {Поляризация вакуума и квантового релятивистского газа  во внешнем поле},
  journal        = "Тр. ФИАН СССР ``Поляризационные эффекты во внешних калибровочных полях''",
  publisher    = {Наука},
  address      = {Москва},
  year         = {1988},
  volume         = "{192}",
  pages        = {5-152},
  language     = {russian},
}



@article{Mushtukov:2022,
	author = {Mushtukov, A.A. and Markozov, I.D. and Suleimanov, V.F. and Nagirner, D.I. and Kaminke, A.D. and Potekhin, A.Y. and Portegies Zwart, S.},
	title ="{Statistical features of multiple Compton scattering in a strong magnetic field}",
	journal = {Phys. Rev. D},
	year = 2022,
	volume = {105},
	pages = {103027},
}


@article{Borovkov:1999,
      author         = "Боровков, М. Ю. and Кузнецов, А. В. and Михеев, Н. В.",
      title          = "{Однопетлевая амплитуда перехода $j \to f \bar f \to j'$ во внешнем электромагнитном поле}",
      journal        = "Ядерная физика",
      volume         = "{62}",
      year           = "{1999}",
      number         = "{9}",
      pages          = "{1714-1722}",
      language     = {russian}      
}




@ARTICLE{Harding:1986,
   author = {Daugherty, J. K. and Harding, A. K.},
    title = "{Compton scattering in strong magnetic fields}",
  journal = {Astrophys. J.},
     year = 1986,
   volume = 309,
    pages = {362-371},
}


@article{Miller:1995,
	language   = "english",
	author     = "M. Coleman Miller",
	title      = "{Constraints on hydrostatic models of soft gamma-ray repeaters}",
	year       = "1995",
	journal	   = "Astrophys. J. Lett.",
	volume    = "448",
	pages = "L29",
}


@ARTICLE{Bulik:1997,
   author = {{Bulik}, T. and {Miller}, M.~C.},
    title = "{Spectral effects of the vacuum resonance in soft gamma-ray repeaters}",
  journal = {Mon. Not. R. Astron. Soc.},
     year = 1997,
   volume = 288,
   number = 3,
    pages = {596-608},
}

@article{Rumyantsev:2013,
	author = {Румянцев, Д.~А.},
	title = "{Резонансный механизм рождения $e^+e^-$-пар в сильном магнитном поле}",
	journal = {Ядерная физика},
	year = 2013,
	volume = 76,
	number = 12,
	pages = {1605-1609},
	language = {russian},
}

@article{Gonthier:2014,
      author         = "Gonthier, Peter L. and Baring, Matthew G. and Eiles,
                        Matthew T. and Wadiasingh, Zorawar and Taylor, Caitlin A.
                        and Fitch, Catherine J.",
      title          = "{Compton scattering in strong magnetic fields:
                        Spin-dependent influences at the cyclotron resonance}",
      journal        = "Phys. Rev.",
      volume         = "D90",
      year           = "2014",
      number         = "4",
      pages          = "043014",
}



@article{Mushtukov:2016,
      author         = "Mushtukov, Alexander A. and Nagirner, Dmitrij I. and
                        Poutanen, Juri",
      title          = "{Compton scattering S-matrix and cross section in strong
                        magnetic field}",
      journal        = "Phys. Rev.",
      volume         = "D93",
      year           = "2016",
      number         = "10",
      pages          = "105003",
}


@article{HBG:1997,
      author         = "Harding, A. C. and Baring, M. G. and Gonthier, P. L.",
      title          = "{Photon Splitting Cascades in Gamma-Ray Pulsars and the Spectrum of PSR1509-58}",
      journal        = "Astrophys.J.",
      volume         = "476",
      year           = "1997",
      pages          = "246",
}
%%%%%%%%%%%%%%%%%%%%%%%%%%%%%%%%%%%%%%%%%%%%%%%%%%%%%%%%%%%%%%%%%%%%%%%%%%%%%%%%%%%%%%%%%%%%%%%%%%%%
%
%                    Chapter 1
%
%%%%%%%%%%%%%%%%%%%%%%%%%%%%%%%%%%%%%%%%%%%%%%%%%%%%%%%%%%%%%%%%%%%%%%%%%%%%%%%%%%%%%%%%%%%%%%%%%%%%


@article{D.Ryu:2012,
   author = {{Ryu}, D. and {Schleicher}, D.~R.~G. and {Treumann}, R.~A. and 
	{Tsagas}, C.~G. and {Widrow}, L.~M.},
   title = "{Magnetic fields in the large-scale structure of the universe}",
   journal = {Space Science Reviews},
   year = 2012,
   volume = 166,
   number = "1-4",
   pages = {1-35},
}

@ARTICLE{Rea:2008,
       author = {{Rea}, N. and {Zane}, S. and {Turolla}, R. and {Lyutikov}, M. and {G{\"o}tz}, D.},
        title = "{Resonant Cyclotron Scattering in Magnetars' Emission}",
      journal = {Astrophys. J.},
     keywords = {radiation mechanisms: non-thermal, stars: magnetic fields, stars: neutron, X-rays: individual: 4U 0142+614 1RXS J1708{\textendash}4009 1E 1841{\textendash}045 1E 2259+586 1E 1048{\textendash}5937 XTE J1810{\textendash}197 1E 1547.0{\textendash}5408 CXOU J1647{\textendash}4552 SGR 1806{\textendash}20 SGR 1900+14, Astrophysics},
         year = 2008,
       volume = {686},
       number = {2},
        pages = {1245-1260},
}



@ARTICLE{Medin:2007,
       author = {{Medin}, Zach and {Lai}, Dong},
        title = "{Condensed surfaces of magnetic neutron stars, thermal surface emission, and particle acceleration above pulsar polar caps}",
      journal = {Mon. Not. Roy.  Astron. Soc.},
         year = 2007,
       volume = {382},
       number = {4},
        pages = {1833-1852},
}

@ARTICLE{Daugherty:1989,
       author = {{Daugherty}, Joseph K. and {Harding}, Alice K.},
        title = "{Comptonization of Thermal Photons by Relativistic Electron Beams}",
      journal = {Astrophys. J.},
         year = 1989,
       volume = {336},
        pages = {861},
}

@ARTICLE{Bussard:1986,
       author = {{Bussard}, R.~W. and {Alexander}, S.~B. and {Meszaros}, P.},
        title = "{One- and two-photon Compton scattering in strong magnetic fields}",
      journal = {Phys. Rev. D},
         year = 1986,
       volume = {34},
        pages = {440-451},
}

@article{Canuto:1971,
  title = {Thomson Scattering in a Strong Magnetic Field},
  author = {Canuto, V. and Lodenquai, J. and Ruderman, M.},
  journal = {Phys. Rev. D},
  volume = {3},
  issue = {10},
  pages = {2303--2308},
  year = {1971},
}

@ARTICLE{Gonthier:2000,
       author = {{Gonthier}, Peter L. and {Harding}, Alice K. and {Baring}, Matthew G. and {Costello}, Rachel M. and {Mercer}, Cassandra L.},
        title = "{Compton Scattering in Ultrastrong Magnetic Fields: Numerical and Analytical Behavior in the Relativistic Regime}",
      journal = {Astrophys. J.},
         year = 2000,
       volume = {540},
       number = {2},
        pages = {907-922},
}

@ARTICLE{Harding:1991,
       author = {{Harding}, Alice K. and {Daugherty}, Joseph K.},
        title = "{Cyclotron Resonant Scattering and Absorption}",
      journal = {Astrophys. J.},
         year = 1991,
       volume = {374},
        pages = {687--699},
}

@article{Boyan,
  title = {Fermion damping in a fermion-scalar plasma},
  author = {Boyanovsky, D. and de Vega, H. J. and Lee, D.-S. and Ng, Y. J. and Wang, S.-Y.},
  journal = {Phys. Rev. D},
  volume = {59},
  issue = {10},
  pages = {105001},
  numpages = {13},
  year = {1999},
  publisher = {American Physical Society},
}

@ARTICLE{Daugherty:1986,
       author = {{Daugherty}, Joseph K. and {Harding}, Alice K.},
        title = "{Compton Scattering in Strong Magnetic Fields}",
	journal = "{Astrophys. J.}",
         year = 1986,
       volume = {309},
        pages = {362},
}

@ARTICLE{Melrose:1983III,
       author = {{Melrose}, D.~B. and {Parle}, A.~J.},
        title = "{Quantum Electrodynamics in Strong Magnetic Fields III. Electron-photon interactions}",
      journal = {Australian Journal of Physics},
       volume = {36},
        pages = {799},
	year = 1983,
}

@article{Kogan:1970,
      author         = "Бисноватый-Коган, Г.С.",
      title          = "{Взрыв вращающейся звезды как механизм сверхновой}",
      journal        = "Астрон. журн.",
      volume         = "{47}",
      year           = "{1970}",
      pages          = "{813-816}",
      language     = {russian}      
}


@book{Kogan:1989,
  author       = {Г. С. Бисноватый-Коган},
  title        = {Физические вопросы теории звездной эволюции},
  publisher    = {Наука},
  address      = {Москва},
  year         = {1989},
  numpages        = {487},
  language     = {russian},
}


@article{Olausen:2014,
      author         = "Olausen, S. A. and Kaspi, V. M.",
      title          = "{The McGill magnetar catalog}",
      journal        = "Astrophys. J. Suppl.",
      volume         = "212",
      number         = "1",
      year           = "2014",
      pages          = "6",
}


@article{Lyutikov:2002,
      author         = "Thompson, C. and Lyutikov, M. and Kulkarni, S. R.",
      title          = "{Electrodynamics of magnetars: implications for the
                        persistent x-ray emission and spindown of the soft gamma
                        repeaters and anomalous x-ray pulsars}",
      journal        = "Astrophys. J.",
      volume         = "574",
      number         = 1,
      year           = "2002",
      pages          = "332-355",
}

@article{Thompson:1995,
   author = {{Thompson}, C. and {Duncan}, R.~C.},
    title = "{The soft gamma repeaters as very strongly magnetized neutron stars - I. Radiative mechanism for outbursts}",
  journal = {Mon. Not. Roy. Astron. Soc.},
     year = 1995,
   volume = 275,
    pages = {255-300},
}

@article{Thompson:1996,
   author = {{Thompson}, C. and {Duncan}, R.~C.},
    title = "{The soft gamma repeaters as very strongly magnetized neutron stars. II. Quiescent neutrino, X-Ray, and Alfven wave emission}",
  journal = {Astrophys. J.},
     year = 1996,
   volume = 473,
    pages = {322-342},
}


@article{Goldreich:1969,
   author = {{Goldreich}, P. and {Julian}, W.~H.},
    title = "{Pulsar electrodynamics}",
  journal = {Astrophys. J.},
     year = 1969,
   volume = 157,
    pages = {869-880},
}


@article{Herold:1979,
      author         = "Herold, H.",
      title          = "{Compton and Thomson scattering in strong magnetic fields}",
      journal        = "Phys. Rev.",
      volume         = "D19",
      year           = "1979",
      number         = "10",
      pages          = "2868-2875",
}

@ARTICLE{Graziani:1993,
       author = {{Graziani}, Carlo},
        title = "{Strong-Field Cyclotron Scattering. I. Scattering Amplitudes and Natural Line Width}",
      journal = {Astrophys. J.},
         year = 1993,
       volume = {412},
        pages = {351--362},
}

@article{Melrose:1983,
      author         = "Melrose, D. B. and Parle, A. J.",
      title          = "{Quantum electrodynamics in strong magnetic fields. I Electron States}",
      journal        = "Aust. J. Phys.",
      volume         = "36",
      year           = "1983",
      pages          = "755-774",
}



@ARTICLE{Harding:2000,
   author = {{Gonthier}, P.~L. and {Harding}, A.~K. and {Baring}, M.~G. and 
	{Costello}, R.~M. and {Mercer}, C.~L.},
    title = "{Compton scattering in ultrastrong magnetic fields: numerical and analytical behavior in the relativistic regime}",
  journal = {Astrophys. J.},
     year = 2000,
   volume = 540,
    pages = {907-922},
}


@article{Chistyakov:2009,
      author         = "Chistyakov, M. V. and Rumyantsev, D. A.",
      title          = "{Compton effect in strongly magnetized plasma}",
      journal        = "Int. J. Mod. Phys.",
      volume         = "A24",
      year           = "2009",
      pages          = "3995-4008",
}


@article{Rumyantsev:2012,
      author         = "Chistyakov, M. V. and Rumyantsev, D. A. and Stus', N. S.",
      title          = "{Photon splitting and Compton scattering in strongly
                        magnetized hot plasma}",
      journal        = "Phys. Rev.",
      volume         = "D86",
      year           = "2012",
      pages          = "043007",
}

@article{Rumyantsev:2017engl,
      author         = "Rumyantsev, D. A and Shlenev, D.M. and Yarkov, A.A.",
      title          = "{Resonances in Compton-Like scattering processes in an external magnetized medium}",
      journal        = "JETP.",
      volume         = "125",
      year           = "2017",
      pages          = "410-419",
      language = {english}
} 


@article{Wadiasingh:2018,
      author         = "Wadiasingh, Zorawar and Baring, Matthew G. and Gonthier,
                        Peter L. and Harding, Alice K.",
      title          = "{Resonant Inverse Compton Scattering Spectra from
                        Highly-magnetized Neutron Stars}",
      journal        = "Astrophys. J.",
      volume         = "854",
      year           = "2018",
      number         = "2",
      pages          = "98",
}

@article{Quinn:1977,
      author         = "Peccei, R. D. and Quinn, Helen R.",
      title          = "{Constraints imposed by CP conservation in the presence
                        of instantons}",
      journal        = "Phys. Rev.",
      volume         = "D16",
      year           = "1977",
      pages          = "1791-1797",
}


@BOOK{Raffelt:1996,
  author       = {Raffelt, G. G.},
  title        = {Stars as laboratories for fundamental physics},
  publisher    = {University of Chicago Press},
  address      = {Chicago},
  year         = {1996},
  numpages        = {664},
}


@BOOK{Okun,
  author       = {Л.Б. Окунь},
  title        = {Лептоны и кварки},
  publisher    = {Наука},
  address      = {Москва},
  year         = {1990},
  numpages        = {346},
  language     = {russian},
}


@book{KM_Book_2003,
  author       = {Kuznetsov, A.~V. and Mikheev, N.~V.},
  title        = {Electroweak processes in external electromagnetic fields},
  publisher    = {Springer-Verlag},
  address      = {New York},
  year         = {2003},
  pages        = {120},
}


@article{Johnson:1949,
   author = {{Johnson}, M.~H. and {Lippmann}, B.~A.},
    title = "{Motion in a constant magnetic field}",
  journal = {Physical Review},
     year = 1949,
   volume = 76,
   number = 6,
    pages = {828-832},
}

@BOOK{Akhiezer:1965,
  author       = {А. И. Ахиезер and В. Б. Берестецкий},
  title        = {Квантовая электродинамика},
  publisher    = {Физматгиз},
  address      = {Москва},
  year         = {1959},
  numpages        = {656},
  language     = {russian},
}


@BOOK{Sokolov:1968,
  author       = {А. А. Соколов and И. М. Тернов},
  title        = {Синхротронное излучение},
  publisher    = {Наука},
  address      = {Москва},
  year         = {1966},
  numpages        = {228},
  language     = {russian},
}


@article{Melrose:1983a,
      author         = "Melrose, D. B. and Parle, A. J.",
      title          = "{Quantum electrodynamics in strong magnetic fields. I Electron States}",
      journal        = "Aust. J. Phys.",
      volume         = "36",
      year           = "1983",
      pages          = "755-774",
}


@BOOK{Sokolov:1986,
  author       = {А. А. Соколов and И. М. Тернов},
  title        = { Релятивистский электрон},
  publisher    = {Наука},
  address      = {Москва},
  year         = {1983},
  numpages        = {304},
  language     = {russian},
}


@article{Bhattacharya:2004,
      author         = "Bhattacharya, Kaushik and Pal, Palash B.",
      title          = "{Inverse beta decay of arbitrarily polarized neutrons in
                        a magnetic field}",
      journal        = "Pramana J. Phys.",
      volume         = "62",
      year           = "2004",
      pages          = "1041-1058",
}


@article{Balantsev:2011,
      author         = "Balantsev, I. A. and Popov, {\relax Yu}. V. and
                        Studenikin, A. I.",
      title          = "{On the problem of relativistic particles motion in
                        strong magnetic field and dense matter}",
      journal        = "J. Phys.",
      volume         = "A44",
      year           = "2011",
      pages          = "255301 (1-13)",
}


@book{KM_Book_2013,
       author         = "Kuznetsov, A.~V.  and Mikheev, N.~V.",
      title          = "{Electroweak processes in external active media}",
      journal        = "Springer Tracts Mod. Phys.",
      volume         = "252",
      year           = "2013",
      pages          = "1-271",
}

@book{Peskin:1995,
  author       = {М. Пескин and Д. Шредер},
  title        = {Введение в квантовую теорию поля},
  publisher    = {РХД},
  address      = {Ижевск},
  year         = {2001},
  numpages        = {784},
  language     = {russian},
}

@BOOK{Gradshtein,
  author       = {И. С. Градштейн and  И. М. Рыжик},
  title        = {Таблицы интегралов, сумм, рядов  и  произведений},
  publisher    = {Гос. изд-во физ.-мат. лит.},
  address      = {Москва},
  year         = {1963},
  numpages        = {1108},
  language     = {russian},
}


@article{Batalin:1971,
      author         = "Баталин, И. А. and  Шабад, A. E.",
      title          = "{Функция Грина фотона в постоянном однородном электромагнитном 
                        поле общего вида}",
      journal        = "ЖЭТФ",
      volume         = "{60}",
      year           = "{1971}",
      number         = "{3}",
      pages          = "{894-900}",
      language     = {russian}      
}

@ARTICLE{Rojas1979,
   author = {Peres Rojas, H. and Shabad, A. E.},
    title = "{Polarization of relativistic electron and positron gas in a strong magnetic field. Propagation of electromagnetic waves}",
  journal = {Ann. Phys. (N.Y.)},
     year = 1979,
   volume = 121,
   number  = 2,
    pages = {432-464},
}

@article{Rojas1979r,
      author         = "Перес Рохас, У.",
      title          = "{Поляризационный оператор электрон-позитронного газа в постоянном внешнем магнитном поле}",
      journal        = "ЖЭТФ",
      volume         = "{76}",
      year           = "{1979}",
      number         = "{1}",
      pages          = "{3-17}",
      language     = {russian}      
}

@ARTICLE{Rojas1982,
   author = {Peres Rojas, H. and Shabad, A. E.},
    title = "{Absorption and dispersion of electromagnetic eigenwaves of electron-positron plasma in a strong magnetic field}",
  journal = {Ann. Phys. (N.Y.)},
     year = 1982,
   volume = 138,
    pages = {1-35},
}

@article{MRCh:2014,
      author         = "Михеев, Н. В. and Румянцев, Д. А. and Чистяков, М. В.",
      title          = "{Фоторождение нейтрино на электроне  в плотной замагниченной среде}",
      journal        = "ЖЭТФ.",
      volume         = "{146}",
      year           = "{2014}",
      number         = "{2}",
      pages          = "{289-296}",
      language     = {russian}      
}

@article{Adler:1971,
  author = {{Adler}, S.~L.},
    title = "{Photon splitting and photon dispersion in a strong magnetic field.}",
  journal = {Annals of Physics},
     year = 1971,
   volume = 67,
    pages = {599-647},
}



@article{Mushtukov:2015qul,
      author         = "Mushtukov, Alexander A. and Nagirner, Dmitrij I. and
                        Poutanen, Juri",
      title          = "{Compton scattering S-matrix and cross section in strong
                        magnetic field}",
      journal        = "Phys. Rev.",
      volume         = "D93",
      year           = "2016",
      number         = "10",
      pages          = "105003",
}

@article{RCh05,
      author         = "Румянцев, Д. А. and Чистяков, М. В.",
      title          = "{Влияние сильно замагниченной плазмы на процесс расщепления фотона}",
      journal        = "ЖЭТФ.",
      volume         = "{128}",
      year           = "{2005}",
      number         = "{4}",
      pages          = "{740-751}",
      language     = {russian}      
}


@article{Weldon:1983,
      author         = "Weldon, H. Arthur",
      title          = "{Simple rules for discontinuities in finite temperature
                        Field Theory}",
      journal        = "Phys. Rev.",
      volume         = "D28",
      year           = "1983",
      pages          = "2007-2037",
}

@ARTICLE{GJ:1969,
   author = {{Goldreich}, P. and {Julian}, W.~H.},
    title = "{Pulsar electrodynamics}",
  journal = {Astrophys. J.},
     year = 1969,
   volume = 157,
    pages = {869-880},
}

@ARTICLE{Pavlov:1991,
   author = {{Pavlov}, G.~G. and {Bezchastnov}, V.~G. and {Meszaros}, P. and 
	{Alexander}, S.~G.},
    title = "{Radiative widths and splitting of cyclotron lines in superstrong magnetic fields}",
  journal = {Astrophys. J.},
     year = 1991,
   volume = 380,
    pages = {541-549},
}


@ARTICLE{Baier:2007,
   author = {{Baier}, V.~N. and {Katkov}, V.~M.},
    title = "{Pair creation by a photon in a strong magnetic field}",
  journal = {Phys. Rev.},
      volume  = "D75",
     year = 2007,
     number = "7",
    pages = {073009},
}


@article{Klepikov:1954,
      author         = "Клепиков, Н. П. ",
      title          = "{Излучение фотонов и электрон-позитронных пар в магнитном поле}",
      journal        = "ЖЭТФ.",
      volume         = "{26}",
      year           = "{1954}",
      number         = "{1}",
      pages          = "{19-34}",
      language     = {russian}      
}

@article{Poutanen:1954,
      author         = "Poutanen, J. ",
      title          = "{Rosseland and Flux Mean Opacities for Compton Scattering}",
      journal        = "Astrophys. J.",
      volume         = "{835--119}",
      year           = "{2017}",
      number         = "{2}",     
}

@article{Beloborodov:2007,
year = {2007},
volume = {657},
number = {2},
pages = {967},
author = {Andrei M. Beloborodov and Christopher Thompson},
title = {Corona of Magnetars},
journal = {Astrophys. J.},
}
%%%%%%%%%%%%%%%%%%%%%%%%%%%%%%%%%%%%%%%%%%%%%%%%%%%%%%%%%%%%%%%%%%%%%%%%%%%%%%%%%%%%%%%%%%%%%%%%%%%%
%
%                    Chapter 2
%
%%%%%%%%%%%%%%%%%%%%%%%%%%%%%%%%%%%%%%%%%%%%%%%%%%%%%%%%%%%%%%%%%%%%%%%%%%%%%%%%%%%%%%%%%%%%%%%%%%%%
@article{Olausen:2013bpa,
      author         = "Olausen, S. A. and Kaspi, V. M.",
      title          = "{The McGill magnetar catalog}",
      journal        = "Astrophys. J. Suppl.",
      volume         = "212",
      number         = "1",
      year           = "2014",
      pages          = "6",
}

@book{Landau:2002,
  title={Теоретическая физика: ч. 1. Статистическая физика. },
  author={Ландау, Л.~Д. and Лифшиц, Е.~М. and Питаевский, Л.~П.},
volume = {V},
numpages = {496},
  year={2001},
  publisher={Физматлит},
	language = {russian},
}

@book{Landau:2001,
  title={Теоретическая физика: ч. 2. Статистическая физика. Теория конденсированного состояния},
  author={Ландау, Л.~Д. and Лифшиц, Е.~М. and Питаевский, Л.~П.},
volume = {IX},
numpages = {496},
  year={2001},
  publisher={Физматлит},
language = {russian},
}

@article{Sturrock:1971,
      author         = "Sturrock, C. A.",
      title          = "{A model of pulsars}",
      journal        = "Astrophys. J.",
      volume         = "164",
      year           = "1971",
      pages          = "529-556",
}

@article{Tademaru:1973,
      author         = "Tademaru, E.",
      title          = "{On the energy spectrum of relativistic electrons in the crab nebula}",
      journal        = "Astrophys. J.",
      volume         = "183",
      year           = "1973",
      pages          = "625-635",
}

@article{Daugherty:1983,
      author         = "Daugherty, J. K.",
      title          = "{Pair production in superstrong magnetic fields}",
      journal        = "Astrophys. J.",
      volume         = "273",
      year           = "1983",
      pages          = "761-773",
}

@ARTICLE{Duncan:1992,
   author = {{Duncan}, R.~C. and {Thompson}, C.},
    title = "{Formation of very strongly magnetized neutron stars - Implications for gamma-ray bursts}",
  journal = {Astrophys. J.},
     year = 1992,
   volume = 392,
   number = 1,
    pages = {L9-L13},
}

@article{Chistyakov_gee:2001,
      author         = "Михеев, Н. В. and Чистяков, М. В.",
      title          = "{Затухание фотона в результате рождения электрон-позитронной пары в сильном 
                        магнитном поле}",
      journal        = "Письма в журн. эксперим. и теор. физ.",
      volume         = "{73}",
      year           = "{2001}",
      number         = "{12}",
      pages          = "{726-730}",
      language     = {russian}      
}

%%%%%%%%%%%%%%%%%%%%%%%%%%%%%%%%%%%%%%%%%%%%%%%%%%%%%%%%%%%%%%%%%%%%%%%%%%%%%%%%%%%%%%%%%%%%%%%%%%%%
%
%                    Chapter 3
%
%%%%%%%%%%%%%%%%%%%%%%%%%%%%%%%%%%%%%%%%%%%%%%%%%%%%%%%%%%%%%%%%%%%%%%%%%%%%%%%%%%%%%%%%%%%%%%%%%%%%
@article{Kaminker:1982,
      author         = "Kaminker, A.~D. and Pavlov, G.~G. and Shibanov, YU.~A.",
      title          = "{Radiation from a strongly-magnetized plasma: the case of predominant scattering}",
      journal        = "Astrophys. Space Sci.",
      volume         = "86",
      year           = "1982",
      number = "2",
      pages          = "249-297",
}

@ARTICLE{Meszaros:1983,
       author = {{Meszaros}, P. and {Harding}, A.~K. and {Kirk}, J.~G. and {Galloway}, D.~J.},
        title = "{Accreting X-ray pulsar atmospheres heated by Coulomb deceleration of protons}",
      journal = {Astrophys. J.},
         year = 1983,
       volume = {266},
        pages = {L33-L37},
}

@ARTICLE{Harding:1984,
       author = {{Harding}, A.~K. and {Meszaros}, P. and {Kirk}, J.~G. and {Galloway}, D.~J.},
        title = "{Self-consistent models for Coulomb-heated X-ray pulsar atmospheres.}",
      journal = {Astrophys. J.},
         year = 1984,
       volume = {278},
        pages = {369-381},
}

@article{Mustukov:2021,
    author = {Mushtukov, Alexander A and Suleimanov, Valery F and Tsygankov, Sergey S and Portegies Zwart, Simon},
    title = "{Spectrum formation in X-ray pulsars at very low mass accretion rate: Monte Carlo approach}",
    journal = {Mon Not R Astron Soc},
    volume = {503},
    number = {4},
    pages = {5193-5203},
    year = {2021},
}

@article{Nobili:2008,
    author = "Nobili, L. and Turolla, R. and Zane, S.",
    title = "{X-ray spectra from magnetar candidates. I. Monte Carlo simulations in the non-relativistic regime}",
    journal = "Mon. Not. Roy. Astron. Soc.",
    volume = "386",
    pages = "1527",
    year = "2008"
}

@article{Taverna:2014,
    author = "Taverna, Roberto and Muleri, Fabio and Turolla, Roberto and Soffitta, Paolo and Fabiani, Sergio and Nobili, Luciano",
    title = "{Probing magnetar magnetosphere through X-ray polarization measurements}",
    journal = "Mon. Not. Roy. Astron. Soc.",
    volume = "438",
    number = "2",
    pages = "1686--1697",
    year = "2014"
}

@article{Fernandez:2011,
      author         = "Fernandez,  R and Davis, S.~W.",
      title          = "{The X-ray polarization signature of quiescent magnetars: effect of magnetospheric scattering and vacuum polarization}",
      journal        = "Astrophys. J.",
      volume         = "730",
      year           = "2011",
	number = "2",
      pages          = "21--",
}

@ARTICLE{Alexander:1989,
       author = {{Alexander}, S.~G. and {Meszaros}, P. and {Bussard}, R.~W.},
        title = "{The Nonlinear Transfer Problem in Accreting Pulsars: Stimulated Scattering Effects}",
      journal = {Astrophys. J.},
         year = 1989,
       volume = {342},
        pages = {928--933},
}

@ARTICLE{Basko:1975,
       author = {{Basko}, M.~M. and {Sunyaev}, R.~A.},
        title = "{Radiative transfer in a strong magnetic field and accreting X-ray pulsars.}",
      journal = {Astron. Astrophys.},
         year = 1975,
       volume = {42},
       number = {3},
        pages = {311-321},
}

@ARTICLE{Basko:1976,
       author = {{Basko}, M.~M. and {Sunyaev}, R.~A.},
        title = "{The limiting luminosity of accreting neutron stars with magnetic fields.}",
      journal = {Mon. Not. Roy.  Astron. Soc.},
         year = 1976,
       volume = {175},
        pages = {395-417},
}


@article{Yahel:1979,
      author         = "Yahel, R.~Z.",
      title          = "{Cyclotron line formation in the atmosphere of a mgnetized neutron star}",
      journal        = "Astrophys. J.",
      volume         = "229",
      year           = "1979",
      pages          = "L73-L79",
}

@article{,
      author         = "Nagel, W.",
      title          = "{Radiative Transfer in a strongly magnetized plasma. II. Effect of comptonization}",
      journal        = " Astrophys. J.",
      volume         = "251",
      year           = "1981",
      pages          = "288-296",
}

@ARTICLE{Nagel:1981,
       author = {{Nagel}, W.},
        title = "{Radiative transfer in a strongly magnetized plasma. I - Effects of anisotropy. II - Effects of Comptonization}",
      journal = {Astrophys. J.},
         year = 1981,
       volume = {251},
        pages = {278-296},
}

@article{Nagel:1981b,
      author         = "Nagel, W.",
      title          = "{Radiative Transfer in a strongly magnetized plasma. II. Effect of comptonization}",
      journal        = " Astrophys. J.",
      volume         = "251",
      year           = "1981",
      pages          = "288-296",
}

@article{D.Ryu:2012,
   author = {{Ryu}, D. and {Schleicher}, D.~R.~G. and {Treumann}, R.~A. and 
	{Tsagas}, C.~G. and {Widrow}, L.~M.},
   title = "{Magnetic fields in the large-scale structure of the universe}",
   journal = {Space Science Reviews},
   year = 2012,
   volume = 166,
   number = "1-4",
   pages = {1-35},
}

@article{Kompaneets:1957,
	author = {Компанеец, А.~С.},
	title ="{Об установлении теплового равновесия между квантами и электронами}",
	journal = {ЖЭТФ},
	year = 1957,
	volume = {31},
	number = {5},
	pages = {876},
	language = {russian}
}


@article{Lubarsky:1988,
	author = "Любарский, Ю.~Э.",
	title ="{Комптонизация в сверхсильном магнитном поле.~I}",
	journal = {Астрофизика},
	year = 1988,
	volume = {28},
	number = {1},
	language = {russian}
}


%%%%%%%%%%%%%%%%%%%%%%%%%%%%%%%%%%%%%%%%%%%%%%%%%%%%%%%%%%%%%%%%%%%%%%%%%%%%%%%%%%%%%%%%%%%%%%%%%%%%
%
%                   Application
%
%%%%%%%%%%%%%%%%%%%%%%%%%%%%%%%%%%%%%%%%%%%%%%%%%%%%%%%%%%%%%%%%%%%%%%%%%%%%%%%%%%%%%%%%%%%%%%%%%%%%

@article{Ritus:1969,
	author = "Ритус, В.И.",
	title = "{Радиационные эффекты и их усиление в интенсивном электромагнитном поле}",
	journal = "{ЖЭТФ}",
	volume = "57",
	year = "1969",
	number = "6",
	pages = "2176-2188",
	language = "russian",
}

@article{Kuznetsov:2011,
      author         = "Kuznetsov, A. V. and Okrugin, A. A.",
      title          = "{The exact electron propagator in a magnetic field as the
                        sum over landau levels on a basis of the Dirac equation
                        exact solutions}",
      journal        = "Int. J. Mod. Phys.",
      volume         = "A26",
      year           = "2011",
      pages          = "2725-2733",
}

@ARTICLE{Kaminker:1992a,
   author = {{Kaminker}, A.~D. and {Levenfish}, K.~P. and {Yakovlev}, D.~G. and 
	{Amsterdamski}, P. and {Haensel}, P.},
    title = "{Neutrino emissivity from e$^{-}$ synchrotron and e$^{-}$e$^{+}$ annihilation processes in a strong magnetic field: General formalism and nonrelativistic limit}",
  journal = {Phys. Rev.},
     year = 1992,
   volume = "{D46}",
    pages = {3256-3264},
}

@ARTICLE{Kaminker:1992b,
   author = {{Kaminker}, A.~D. and {Gnedin}, O.~Y. and {Yakovlev}, D.~G. and 
	{Amsterdamski}, P. and {Haensel}, P.},
    title = "{Neutrino emissivity from e$^{-}$e$^{+}$ annihilation in a strong magnetic field: Hot, nondegenerate plasma}",
  journal = {Phys. Rev.},
     year = 1992,
   volume = "{D46}",
    pages = {4133-4139},
}

@ARTICLE{Latal:86,
   author = {{Latal}, H.~G.},
    title = "{Cyclotron radiation in strong magnetic fields}",
  journal = {Astrophys. J.},
     year = 1986,
   volume = 309,
    pages = {372-382},
}


@article{Jancovici,
  author = {{Jancovici}, B.},
  title = {Radiative Correction to the Ground-State Energy of an Electron in an Intense Magnetic Field},
  journal = {Phys. Rev.},
  volume = {187},
  pages = {2275-2276},
  year = {1969},
}

@article{Ritus:1978,
      author         = "Ритус, В. И.",
      title          = "{Метод собственных функций и массовый оператор в квантовой электродинамике постоянного поля}",
      journal        = "ЖЭТФ",
      volume         = "{78}",
      year           = "{1975}",
      number         = "{2}",
      pages          = "{1560-1583}",
      language     = {russian}      
}


@article{Zhukovskii:1994,
      author         = "Жуковский, В. Ч. and Мидодашвили, П. Г. and Эминов, П. А.",
      title          = "{Мнимая часть массового оператора электрона в постоянном поле при конечной температуре и плотности}",
      journal        = "ЖЭТФ",
      volume         = "{106}",
      year           = "{1994}",
      number         = "{4}",
      pages          = "{929-935}",
      language     = {russian}      
}

@article{Mihalas:1985,
title = {The computation of radiation transport using feautrier variables I. Static media},
journal = {Journal of Computational Physics},
volume = {57},
number = {1},
pages = {1-25},
year = {1985},
issn = {0021-9991},
author = {Dimitri Mihalas},
}

@BOOK{Mihalas:1978,
       author = {{Mihalas}, Dimitri},
        title = "{Stellar atmospheres}",
         year = 1978,
}

@ARTICLE{Meszaros:1985,
       author = {{Meszaros}, P. and {Nagel}, W.},
        title = "{X-ray pulsar models. II. Comptonized spectra and pulse shapes.}",
      journal = {Astrophys. J.},
         year = 1985,
       volume = {299},
        pages = {138-153},
}

@ARTICLE{Alexander:2020,
       author = {{Philippov}, Alexander and {Timokhin}, Andrey and {Spitkovsky}, Anatoly},
        title = "{Origin of Pulsar Radio Emission}",
      journal = {Phys. Rev. Lett.},
     keywords = {Astrophysics - High Energy Astrophysical Phenomena},
         year = 2020,
       volume = {124},
       number = {24},
          eid = {245101},
        pages = {245101},
}

@ARTICLE{Nishimura:2008,
       author = {{Nishimura}, Osamu},
        title = "{Formation Mechanism for Broad and Shallow Profiles of Cyclotron Lines in Accreting X-Ray Pulsars}",
      journal = {Astrophys. J.},
         year = 2008,
       volume = {672},
       number = {2},
        pages = {1127-1136},
}

@ARTICLE{Nishimura:2015,
       author = {{Nishimura}, Osamu},
        title = "{Properties of Cyclotron Lines in a Line-forming Region Injected by an Anisotropic Continuum in Accreting X-ray Pulsars}",
      journal = {Astrophys. J.},
         year = 2015,
       volume = {807},
       number = {2},
        pages = {164},
}

@ARTICLE{Alexander:1991,
       author = {{Alexander}, S.~G. and {Meszaros}, P.},
        title = "{Cyclotron Harmonics in Accreting Pulsars and Gamma-Ray Bursters: Effect of Two-Photon Processes}",
      journal = {Astrophys. J.},
         year = 1991,
       volume = {372},
        pages = {565--572},
}

@article{MGU,
      author         = "Борисов, А. В. and Вшивцев, А. С. and Жуковский, В Ч. and Эминов, П. А.",
      title          = "{Фотоны и лептоны во внешних полях при конечных температуре и плотности}",
      journal        = "УФН",
      volume         = "{167}",
      year           = "{1997}",
      number         = "{3}",
      pages          = "{241-267}",
      language     = {russian}      
}

@article{Tsai:1974,
      author         = "Tsai, W. -Y.",
      title          = "{Vacuum polarization in homogeneous magnetic fields}",
      journal        = "Phys. Rev.",
      volume         = "D10",
      year           = "1974",
      number         = "8",
      pages          = "2699-2702",
}

@article{Skobelev:1975,
      author         = "Скобелев, В. В.",
      title          = "{Поляризационный оператор фотона в сверхсильном магнитном поле}",
      journal        = "{Изв. вузов. Физика}",
      year           = "{1975}",
      number         = "{10}",
      pages          = "{142-143}",
      language     = {russian}      
}
%%%%%%%%%%%%%%%%%%%%%%%%%%%%%%%%%%%%%%%%%%%%%%%%%%%%%%%%%%%%%%%%%%%%%%%%%%%%%%%%%%%%%%%%%%%%%%%%%%%%
%
%                    My papers
%
%%%%%%%%%%%%%%%%%%%%%%%%%%%%%%%%%%%%%%%%%%%%%%%%%%%%%%%%%%%%%%%%%%%%%%%%%%%%%%%%%%%%%%%%%%%%%%%%%%%%
\begin{comment}
@article{YarkovPhotDampPAN:2022,
      author         = "Yarkov, A.~A. and Rumyantsev, D.~A.",
      title          = "{Photon Damping in a Strongly Magnetized Plasma}",
      journal      = "{Physics of Atomic Nuclei}",
      volume = "{85}",
      year           = "2022",
     number = "9",
	pages = "{1566--1569}",
      language     = {english} 
}


@article{YarkovJoPCSComp:2020,
      author         = "Chistyakov, M.~V. and Rumuyantsev, D.~A. and Yarkov, A.~A.  ",
      title          = "{Effect of a strongly magnetized plasma on the resonant photon scattering process}",
      journal      = "{J. Phys.: Conf. Ser.}",
      publisher      = {IOP Publishing},
      year           = "2020",
      volume = "1690",
      pages          = "012015",
      language     = {english}      
}

@article{YarkovPhotDampPL:2023,
      author         = "Ярков, A.~A. and Румянцев, Д.~A.",
      title          = "{Решение кинетического уравнения с учетом резонанса в комптоновском процессе в замагниченной среде}",
      journal      = "{Письма в ЭЧАЯ}",
      volume = "{20}",
      year           = "2023",
     number = "3(248)",
	pages = "{422--427}",
      language     = {russian} 
}

@article{YarkovRadTransf:2023,
      author         = "Yarkov, A.~A. and Rumyantsev, D.~A.",
      title          = "{Radiation Transfer in a Strong Magnetic Field with Resonance Effects
Taken into Account}",
      journal      = "{Physics of Atomic Nuclei}",
      volume = "{80}",
      year           = "2023",
     number = "5",
	pages = "{890--893}",
      language     = {english} 
}

@inproceedings{YarkovYaGTU:2020,
      author         = "Ярков, А.~А. and Румянцев, Д.~А. and Чистяков, М.~В.",
      title          = "{Учет конечной ширины поглощения электрона в комптоноподобном процессе в замагниченной среде }",
      booktitle      = "{Сборник материалов 73-й Всероссийской научно-технической конференции студентов, магистрантов и аспирантов высших учебных заведений с международным участием.}",
      publisher      = {Ярославский государственный технический университет},
      year           = "2020",
      pages          = "335--339",
      language     = {russian}      
}

@article{Rumyantsev:2017,
      author         = "Румянцев, Д. А. and Шленев, Д. М. and Ярков, А. А.",
      title          = "{Резонансы в комптоноподобных процессах рассеяния  во внешней замагниченной среде}",
      journal        = "ЖЭТФ.",
      volume         = "{152}",
      year           = "{2017}",
      number         = "{3}",
      pages          = "{483-494}",
      language     = {russian}      
}

@article{YarkovJoPCSDamp:2020,
      author         = "Chistyakov, M.~V. and Rumuyantsev, D.~A. and Yarkov, A.~A.  ",
      title          = "{Photon damping in a strongly magnetized plasma}",
      journal      = "{J. Phys.: Conf. Ser.}",
      publisher      = {IOP Publishing},
      year           = "2020",
	volume = "1690",
      pages          = "012008",
      language     = {english}      
}
\end{comment}