%%%%%%%%%%%%%%%%%%%%%%%%%%%%%%%%%%%%%%%%%%%%%%%%%%%%%%%%%%%%%%%%%%%%%%%%%%%%%%%%%
%
%          Introduction
%
%%%%%%%%%%%%%%%%%%%%%%%%%%%%%%%%%%%%%%%%%%%%%%%%%%%%%%%%%%%%%%%%%%%%%%%%%%%%%%%%%
@BOOK{Berestetskii:1989,
  author       = {В. Б. Берестецкий and Е. М. Лифшиц and Л. П. Питаевский},
  title        = {Квантовая электродинамика},
  publisher    = {Наука},
  address      = {Москва},
  year         = {1989},
  numpages        = {728},
  language     = {russian},
}

@article{Suleimanov:2007it,
      author         = "Suleimanov, Valery and Werner, K.",
      title          = "{Importance of Compton scattering for radiation spectra
                        of isolated neutron stars with weak magnetic fields}",
      journal        = "Astron. Astrophys.",
      year           = "2007",
      pages          = "661-668",
}


@article{RCh09,
      author         = "Chistyakov, M. V. and Rumyantsev, D. A.",
      title          = "{Compton effect in strongly magnetized plasma}",
      journal        = "Int. J. Mod. Phys.",
      volume         = "A24",
      year           = "2009",
      pages          = "3995-4008",
}


@article{Kuznetsov:2015,
      author         = "Kuznetsov, A. V. and Rumyantsev, D. A. and Shlenev, D.
                        M.",
      title          = "{Generalized two-point tree-level amplitude $j f \to 
                        j'f'$ in a magnetized medium}",
      journal        = "Int. J. Mod. Phys.",
      volume         = "A30",
      year           = "2015",
      number         = "11",
      pages          = "1550049",
}


@ARTICLE{Kostenko:2018,
   author = {{Kostenko}, A. and {Thompson}, C.},
    title = "{QED Phenomena in an Ultrastrong Magnetic Field. I. Electron-Photon Scattering, Pair Creation, and Annihilation}",
  journal = {Astrophys. J.},
     year = 2018,
    number= 1,
   volume = 869,
    pages = {44 (1-19)},
}


@article{Philippov_2020,
   author={Philippov, A. and Timokhin, A. and Spitkovsky, A.},
   title={Origin of Pulsar Radio Emission},
   journal={Physical Review Letters},
   volume={124},
   year={2020},
   number={24},
   pages = {245101},
}


@article{ShabadRusOnEng1988,
  author       = {Shabad, A. E.},
  title        = {Polarization of Vacuum and quantum relativistic gas in an external field},
  journal        = "Tr. Fiz. Inst. Akad. Nauk SSSR",
  year         = {1988},
  volume         = "{192}",
  pages        = {5-152},
}


@article{Mushtukov:2022,
	author = {Mushtukov, A.A. and Markozov, I.D. and Suleimanov, V.F. and Nagirner, D.I. and Kaminke, A.D. and Potekhin, A.Y. and Portegies Zwart, S.},
	title ="{Statistical features of multiple Compton scattering in a strong magnetic field}",
	journal = {Phys. Rev. D},
	year = 2022,
	volume = {105},
	pages = {103027},
}


@article{Borovkov:1999,
      author         = "Боровков, М. Ю. and Кузнецов, А. В. and Михеев, Н. В.",
      title          = "{Однопетлевая амплитуда перехода $j \to f \bar f \to j'$ во внешнем электромагнитном поле}",
      journal        = "Ядерная физика",
      volume         = "{62}",
      year           = "{1999}",
      number         = "{9}",
      pages          = "{1714-1722}",
      language     = {russian}      
}




@ARTICLE{Harding:1986,
   author = {Daugherty, J. K. and Harding, A. K.},
    title = "{Compton scattering in strong magnetic fields}",
  journal = {Astrophys. J.},
     year = 1986,
   volume = 309,
    pages = {362-371},
}


@article{Miller:1995,
	language   = "english",
	author     = "M. Coleman Miller",
	title      = "{Constraints on hydrostatic models of soft gamma-ray repeaters}",
	year       = "1995",
	journal	   = "Astrophys. J. Lett.",
	volume    = "448",
}


@ARTICLE{Bulik:1997,
   author = {{Bulik}, T. and {Miller}, M.~C.},
    title = "{Spectral effects of the vacuum resonance in soft gamma-ray repeaters}",
  journal = {Mon. Not. R. Astron. Soc.},
     year = 1997,
   volume = 288,
   number = 3,
    pages = {596-608},
}



@article{Gonthier:2014,
      author         = "Gonthier, Peter L. and Baring, Matthew G. and Eiles,
                        Matthew T. and Wadiasingh, Zorawar and Taylor, Caitlin A.
                        and Fitch, Catherine J.",
      title          = "{Compton scattering in strong magnetic fields:
                        Spin-dependent influences at the cyclotron resonance}",
      journal        = "Phys. Rev.",
      volume         = "D90",
      year           = "2014",
      number         = "4",
      pages          = "043014",
}



@article{Mushtukov:2016,
      author         = "Mushtukov, Alexander A. and Nagirner, Dmitrij I. and
                        Poutanen, Juri",
      title          = "{Compton scattering S-matrix and cross section in strong
                        magnetic field}",
      journal        = "Phys. Rev.",
      volume         = "D93",
      year           = "2016",
      number         = "10",
      pages          = "105003",
}


@article{HBG:1997,
      author         = "Harding, A. C. and Baring, M. G. and Gonthier, P. L.",
      title          = "{Photon Splitting Cascades in Gamma-Ray Pulsars and the Spectrum of PSR1509-58}",
      journal        = "Astrophys.J.",
      volume         = "476",
      year           = "1997",
      pages          = "246",
}
%%%%%%%%%%%%%%%%%%%%%%%%%%%%%%%%%%%%%%%%%%%%%%%%%%%%%%%%%%%%%%%%%%%%%%%%%%%%%%%%%%%%%%%%%%%%%%%%%%%%
%
%                    Chapter 1
%
%%%%%%%%%%%%%%%%%%%%%%%%%%%%%%%%%%%%%%%%%%%%%%%%%%%%%%%%%%%%%%%%%%%%%%%%%%%%%%%%%%%%%%%%%%%%%%%%%%%%


@article{D.Ryu:2012,
   author = {{Ryu}, D. and {Schleicher}, D.~R.~G. and {Treumann}, R.~A. and 
	{Tsagas}, C.~G. and {Widrow}, L.~M.},
   title = "{Magnetic fields in the large-scale structure of the universe}",
   journal = {Space Science Reviews},
   year = 2012,
   volume = 166,
   number = "1-4",
   pages = {1-35},
}


@article{Kogan:1970,
      author         = "Бисноватый-Коган, Г.С.",
      title          = "{Взрыв вращающейся звезды как механизм сверхновой}",
      journal        = "Астрон. журн.",
      volume         = "{47}",
      year           = "{1970}",
      pages          = "{813-816}",
      language     = {russian}      
}


@book{Kogan:1989,
  author       = {Г. С. Бисноватый-Коган},
  title        = {Физические вопросы теории звездной эволюции},
  publisher    = {Наука},
  address      = {Москва},
  year         = {1989},
  numpages        = {487},
  language     = {russian},
}


@article{Olausen:2014,
      author         = "Olausen, S. A. and Kaspi, V. M.",
      title          = "{The McGill magnetar catalog}",
      journal        = "Astrophys. J. Suppl.",
      volume         = "212",
      number         = "1",
      year           = "2014",
      pages          = "6",
}


@article{Lyutikov:2002,
      author         = "Thompson, C. and Lyutikov, M. and Kulkarni, S. R.",
      title          = "{Electrodynamics of magnetars: implications for the
                        persistent x-ray emission and spindown of the soft gamma
                        repeaters and anomalous x-ray pulsars}",
      journal        = "Astrophys. J.",
      volume         = "574",
      number         = 1,
      year           = "2002",
      pages          = "332-355",
}


@article{Thompson:1995,
   author = {{Thompson}, C. and {Duncan}, R.~C.},
    title = "{The soft gamma repeaters as very strongly magnetized neutron stars - I. Radiative mechanism for outbursts}",
  journal = {Mon. Not. Roy. Astron. Soc.},
     year = 1995,
   volume = 275,
    pages = {255-300},
}

@article{Thompson:1996,
   author = {{Thompson}, C. and {Duncan}, R.~C.},
    title = "{The soft gamma repeaters as very strongly magnetized neutron stars. II. Quiescent neutrino, X-Ray, and Alfven wave emission}",
  journal = {Astrophys. J.},
     year = 1996,
   volume = 473,
    pages = {322-342},
}


@article{Goldreich:1969,
   author = {{Goldreich}, P. and {Julian}, W.~H.},
    title = "{Pulsar electrodynamics}",
  journal = {Astrophys. J.},
     year = 1969,
   volume = 157,
    pages = {869-880},
}


@article{Herold:1979,
      author         = "Herold, H.",
      title          = "{Compton and Thomson scattering in strong magnetic fields}",
      journal        = "Phys. Rev.",
      volume         = "D19",
      year           = "1979",
      number         = "10",
      pages          = "2868-2875",
}


@article{Melrose:1983,
      author         = "Melrose, D. B. and Parle, A. J.",
      title          = "{Quantum electrodynamics in strong magnetic fields. I Electron States}",
      journal        = "Aust. J. Phys.",
      volume         = "36",
      year           = "1983",
      pages          = "755-774",
}



@ARTICLE{Harding:2000,
   author = {{Gonthier}, P.~L. and {Harding}, A.~K. and {Baring}, M.~G. and 
	{Costello}, R.~M. and {Mercer}, C.~L.},
    title = "{Compton scattering in ultrastrong magnetic fields: numerical and analytical behavior in the relativistic regime}",
  journal = {Astrophys. J.},
     year = 2000,
   volume = 540,
    pages = {907-922},
}


@article{Chistyakov:2009,
      author         = "Chistyakov, M. V. and Rumyantsev, D. A.",
      title          = "{Compton effect in strongly magnetized plasma}",
      journal        = "Int. J. Mod. Phys.",
      volume         = "A24",
      year           = "2009",
      pages          = "3995-4008",
}


@article{Rumyantsev:2012,
      author         = "Chistyakov, M. V. and Rumyantsev, D. A. and Stus', N. S.",
      title          = "{Photon splitting and Compton scattering in strongly
                        magnetized hot plasma}",
      journal        = "Phys. Rev.",
      volume         = "D86",
      year           = "2012",
      pages          = "043007",
}

@article{Gonthier:2014,
      author         = "Gonthier, Peter L. and Baring, Matthew G. and Eiles,
                        Matthew T. and Wadiasingh, Zorawar and Taylor, Caitlin A.
                        and Fitch, Catherine J.",
      title          = "{Compton scattering in strong magnetic fields:
                        Spin-dependent influences at the cyclotron resonance}",
      journal        = "Phys. Rev.",
      volume         = "D90",
      year           = "2014",
      number         = "4",
      pages          = "043014",
}

@article{Mushtukov:2016,
      author         = "Mushtukov, Alexander A. and Nagirner, Dmitrij I. and
                        Poutanen, Juri",
      title          = "{Compton scattering S-matrix and cross section in strong
                        magnetic field}",
      journal        = "Phys. Rev.",
      volume         = "D93",
      year           = "2016",
      number         = "10",
      pages          = "105003",
}

@article{Rumyantsev:2017eng,
      author         = "Rumyantsev, D. A and Shlenev, D.M. and Yarkov, A.A.",
      title          = "{Resonances in Compton-Like scattering processes in an external magnetized medium}",
      journal        = "JETP.",
      volume         = "125",
      year           = "2017",
      pages          = "410-419",
      language = {english}
} 


@article{Baring:2018,
      author         = "Wadiasingh, Zorawar and Baring, Matthew G. and Gonthier,
                        Peter L. and Harding, Alice K.",
      title          = "{Resonant Inverse Compton Scattering Spectra from
                        Highly-magnetized Neutron Stars}",
      journal        = "Astrophys. J.",
      volume         = "854",
      year           = "2018",
      number         = "2",
      pages          = "98",
}


@ARTICLE{Kostenko:2018,
   author = {{Kostenko}, A. and {Thompson}, C.},
    title = "{QED Phenomena in an Ultrastrong Magnetic Field. I. Electron-Photon Scattering, Pair Creation, and Annihilation}",
  journal = {Astrophys. J.},
     year = 2018,
    number= 1,
   volume = 869,
    pages = {44 (1-19)},
}

@article{Quinn:1977,
      author         = "Peccei, R. D. and Quinn, Helen R.",
      title          = "{Constraints imposed by CP conservation in the presence
                        of instantons}",
      journal        = "Phys. Rev.",
      volume         = "D16",
      year           = "1977",
      pages          = "1791-1797",
}


@BOOK{Raffelt:1996,
  author       = {Raffelt, G. G.},
  title        = {Stars as laboratories for fundamental physics},
  publisher    = {University of Chicago Press},
  address      = {Chicago},
  year         = {1996},
  numpages        = {664},
}


@BOOK{Okun,
  author       = {Л.Б. Окунь},
  title        = {Лептоны и кварки},
  publisher    = {Наука},
  address      = {Москва},
  year         = {1990},
  numpages        = {346},
  language     = {russian},
}


@book{KM_Book_2003,
  author       = {Kuznetsov, A. V. and Mikheev, N. V.},
  title        = {Electroweak processes in external electromagnetic fields},
  publisher    = {Springer-Verlag},
  address      = {New York},
  year         = {2003},
  numpages        = {120},
}


@article{Johnson:1949,
   author = {{Johnson}, M.~H. and {Lippmann}, B.~A.},
    title = "{Motion in a constant magnetic field}",
  journal = {Physical Review},
     year = 1949,
   volume = 76,
   number = 6,
    pages = {828-832},
}

@BOOK{Akhiezer:1965,
  author       = {А. И. Ахиезер and В. Б. Берестецкий},
  title        = {Квантовая электродинамика},
  publisher    = {Физматгиз},
  address      = {Москва},
  year         = {1959},
  numpages        = {656},
  language     = {russian},
}


@BOOK{Sokolov:1968,
  author       = {А. А. Соколов and И. М. Тернов},
  title        = {Синхротронное излучение},
  publisher    = {Наука},
  address      = {Москва},
  year         = {1966},
  numpages        = {228},
  language     = {russian},
}


@article{Melrose:1983a,
      author         = "Melrose, D. B. and Parle, A. J.",
      title          = "{Quantum electrodynamics in strong magnetic fields. I Electron States}",
      journal        = "Aust. J. Phys.",
      volume         = "36",
      year           = "1983",
      pages          = "755-774",
}


@BOOK{Sokolov:1986,
  author       = {А. А. Соколов and И. М. Тернов},
  title        = { Релятивистский электрон},
  publisher    = {Наука},
  address      = {Москва},
  year         = {1983},
  numpages        = {304},
  language     = {russian},
}


@article{Bhattacharya:2004,
      author         = "Bhattacharya, Kaushik and Pal, Palash B.",
      title          = "{Inverse beta decay of arbitrarily polarized neutrons in
                        a magnetic field}",
      journal        = "Pramana J. Phys.",
      volume         = "62",
      year           = "2004",
      pages          = "1041-1058",
}


@article{Balantsev:2011,
      author         = "Balantsev, I. A. and Popov, {\relax Yu}. V. and
                        Studenikin, A. I.",
      title          = "{On the problem of relativistic particles motion in
                        strong magnetic field and dense matter}",
      journal        = "J. Phys.",
      volume         = "A44",
      year           = "2011",
      pages          = "255301 (1-13)",
}


@book{KM_Book_2013,
       author         = "Kuznetsov, Alexander and Mikheev, Nickolay",
      title          = "{Electroweak processes in external active media}",
      journal        = "Springer Tracts Mod. Phys.",
      volume         = "252",
      year           = "2013",
      pages          = "pp 1-271",
}

@book{Peskin:1995,
  author       = {М. Пескин and Д. Шредер},
  title        = {Введение в квантовую теорию поля},
  publisher    = {РХД},
  address      = {Ижевск},
  year         = {2001},
  numpages        = {784},
  language     = {russian},
}

@BOOK{Gradshtein,
  author       = {И. С. Градштейн and  И. М. Рыжик},
  title        = {Таблицы интегралов, сумм, рядов  и  произведений},
  publisher    = {Гос. изд-во физ.-мат. лит.},
  address      = {Москва},
  year         = {1963},
  numpages        = {1108},
  language     = {russian},
}


@article{Batalin:1971,
      author         = "Баталин, И. А. and  Шабад, A. E.",
      title          = "{Функция Грина фотона в постоянном однородном электромагнитном 
                        поле общего вида}",
      journal        = "ЖЭТФ",
      volume         = "{60}",
      year           = "{1971}",
      number         = "{3}",
      pages          = "{894-900}",
      language     = {russian}      
}

@ARTICLE{Rojas1979,
   author = {Peres Rojas, H. and Shabad, A. E.},
    title = "{Polarization of relativistic electron and positron gas in a strong magnetic field. Propagation of electromagnetic waves}",
  journal = {Ann. Phys. (N.Y.)},
     year = 1979,
   volume = 121,
   number  = 2,
    pages = {432-464},
}

@article{Rojas1979r,
      author         = "Перес Рохас, У.",
      title          = "{Поляризационный оператор электрон-позитронного газа в постоянном внешнем магнитном поле}",
      journal        = "ЖЭТФ",
      volume         = "{76}",
      year           = "{1979}",
      number         = "{1}",
      pages          = "{3-17}",
      language     = {russian}      
}

@ARTICLE{Rojas1982,
   author = {Peres Rojas, H. and Shabad, A. E.},
    title = "{Absorption and dispersion of electromagnetic eigenwaves of electron-positron plasma in a strong magnetic field}",
  journal = {Ann. Phys. (N.Y.)},
     year = 1982,
   volume = 138,
    pages = {1-35},
}

@article{Shabad:1988,
  author       = {Шабад, А. Е.},
  title        = {Поляризация вакуума и квантового релятивистского газа  во внешнем поле},
  journal        = "Тр. ФИАН СССР ``Поляризационные эффекты во внешних калибровочных полях''",
  publisher    = {Наука},
  address      = {Москва},
  year         = {1988},
  volume         = "{192}",
  pages        = {5-152},
  language     = {russian},
}


@article{MRCh:2014,
      author         = "Михеев, Н. В. and Румянцев, Д. А. and Чистяков, М. В.",
      title          = "{Фоторождение нейтрино на электроне  в плотной замагниченной среде}",
      journal        = "ЖЭТФ.",
      volume         = "{146}",
      year           = "{2014}",
      number         = "{2}",
      pages          = "{289-296}",
      language     = {russian}      
}

@article{Adler:1971,
  author = {{Adler}, S.~L.},
    title = "{Photon splitting and photon dispersion in a strong magnetic field.}",
  journal = {Annals of Physics},
     year = 1971,
   volume = 67,
    pages = {599-647},
}

@article{Mushtukov:2015qul,
      author         = "Mushtukov, Alexander A. and Nagirner, Dmitrij I. and
                        Poutanen, Juri",
      title          = "{Compton scattering S-matrix and cross section in strong
                        magnetic field}",
      journal        = "Phys. Rev.",
      volume         = "D93",
      year           = "2016",
      number         = "10",
      pages          = "105003",
}

@article{RCh05,
      author         = "Румянцев, Д. А. and Чистяков, М. В.",
      title          = "{Влияние сильно замагниченной плазмы на процесс расщепления фотона}",
      journal        = "ЖЭТФ.",
      volume         = "{128}",
      year           = "{2005}",
      number         = "{4}",
      pages          = "{740-751}",
      language     = {russian}      
}


@article{Weldon:1983,
      author         = "Weldon, H. Arthur",
      title          = "{Simple rules for discontinuities in finite temperature
                        Field Theory}",
      journal        = "Phys. Rev.",
      volume         = "D28",
      year           = "1983",
      pages          = "2007-2037",
}

@ARTICLE{GJ:1969,
   author = {{Goldreich}, P. and {Julian}, W.~H.},
    title = "{Pulsar electrodynamics}",
  journal = {Astrophys. J.},
     year = 1969,
   volume = 157,
    pages = {869-880},
}

@article{RCh09,
      author         = "Chistyakov, M. V. and Rumyantsev, D. A.",
      title          = "{Compton effect in strongly magnetized plasma}",
      journal        = "Int. J. Mod. Phys.",
      volume         = "A24",
      year           = "2009",
      pages          = "3995-4008",
}


@ARTICLE{Pavlov:1991,
   author = {{Pavlov}, G.~G. and {Bezchastnov}, V.~G. and {Meszaros}, P. and 
	{Alexander}, S.~G.},
    title = "{Radiative widths and splitting of cyclotron lines in superstrong magnetic fields}",
  journal = {Astrophys. J.},
     year = 1991,
   volume = 380,
    pages = {541-549},
}


@ARTICLE{Baier:2007,
   author = {{Baier}, V.~N. and {Katkov}, V.~M.},
    title = "{Pair creation by a photon in a strong magnetic field}",
  journal = {Phys. Rev.},
      volume  = "D75",
     year = 2007,
     number = "7",
    pages = {073009},
}


@article{Klepikov:1954,
      author         = "Клепиков, Н. П. ",
      title          = "{Излучение фотонов и электрон-позитронных пар в магнитном поле}",
      journal        = "ЖЭТФ.",
      volume         = "{26}",
      year           = "{1954}",
      number         = "{1}",
      pages          = "{19-34}",
      language     = {russian}      
}
%%%%%%%%%%%%%%%%%%%%%%%%%%%%%%%%%%%%%%%%%%%%%%%%%%%%%%%%%%%%%%%%%%%%%%%%%%%%%%%%%%%%%%%%%%%%%%%%%%%%
%
%                    Chapter 2
%
%%%%%%%%%%%%%%%%%%%%%%%%%%%%%%%%%%%%%%%%%%%%%%%%%%%%%%%%%%%%%%%%%%%%%%%%%%%%%%%%%%%%%%%%%%%%%%%%%%%%
@article{Olausen:2013bpa,
      author         = "Olausen, S. A. and Kaspi, V. M.",
      title          = "{The McGill magnetar catalog}",
      journal        = "Astrophys. J. Suppl.",
      volume         = "212",
      number         = "1",
      year           = "2014",
      pages          = "6",
}


@article{Lyutikov:2002,
      author         = "Thompson, C. and Lyutikov, M. and Kulkarni, S. R.",
      title          = "{Electrodynamics of magnetars: implications for the
                        persistent x-ray emission and spindown of the soft gamma
                        repeaters and anomalous x-ray pulsars}",
      journal        = "Astrophys. J.",
      volume         = "574",
      number         = 1,
      year           = "2002",
      pages          = "332-355",
}


@ARTICLE{Duncan:1992,
   author = {{Duncan}, R.~C. and {Thompson}, C.},
    title = "{Formation of very strongly magnetized neutron stars - Implications for gamma-ray bursts}",
  journal = {Astrophys. J.},
     year = 1992,
   volume = 392,
   number = 1,
    pages = {L9-L13},
}


@article{Chistyakov_gee:2001,
      author         = "Михеев, Н. В. and Чистяков, М.В.",
      title          = "{Затухание фотона в результате рождения электрон-позитронной пары в сильном 
                        магнитном поле}",
      journal        = "Письма в журн. эксперим. и теор. физ.",
      volume         = "{73}",
      year           = "{2001}",
      number         = "{12}",
      pages          = "{726-730}",
      language     = {russian}      
}

@article{RCh09,
      author         = "Chistyakov, M. V. and Rumyantsev, D. A.",
      title          = "{Compton effect in strongly magnetized plasma}",
      journal        = "Int. J. Mod. Phys.",
      volume         = "A24",
      year           = "2009",
      pages          = "3995-4008",
}

@article{Shabad:1988,
  author       = {Шабад, А. Е.},
  title        = {Поляризация вакуума и квантового релятивистского газа  во внешнем поле},
  journal        = "Тр. ФИАН СССР ``Поляризационные эффекты во внешних калибровочных полях''",
  publisher    = {Наука},
  address      = {Москва},
  year         = {1988},
  volume         = "{192}",
  pages        = {5-152},
  language     = {russian},
}


@article{Weldon:1983,
      author         = "Weldon, H. Arthur",
      title          = "{Simple rules for discontinuities in finite temperature
                        Field Theory}",
      journal        = "Phys. Rev.",
      volume         = "D28",
      year           = "1983",
      pages          = "2007-2037",
}


@article{HBG:1997,
      author         = "Harding, A. C. and Baring, M. G. and Gonthier, P. L.",
      title          = "{Photon Splitting Cascades in Gamma-Ray Pulsars and the Spectrum of PSR1509-58}",
      journal        = "Astrophys.J.",
      volume         = "476",
      year           = "1997",
      pages          = "246",
}


%%%%%%%%%%%%%%%%%%%%%%%%%%%%%%%%%%%%%%%%%%%%%%%%%%%%%%%%%%%%%%%%%%%%%%%%%%%%%%%%%%%%%%%%%%%%%%%%%%%%
%
%                    Chapter 3
%
%%%%%%%%%%%%%%%%%%%%%%%%%%%%%%%%%%%%%%%%%%%%%%%%%%%%%%%%%%%%%%%%%%%%%%%%%%%%%%%%%%%%%%%%%%%%%%%%%%%%
@article{D.Ryu:2012,
   author = {{Ryu}, D. and {Schleicher}, D.~R.~G. and {Treumann}, R.~A. and 
	{Tsagas}, C.~G. and {Widrow}, L.~M.},
   title = "{Magnetic fields in the large-scale structure of the universe}",
   journal = {Space Science Reviews},
   year = 2012,
   volume = 166,
   number = "1-4",
   pages = {1-35},
}

@article{Goldreich:1969,
   author = {{Goldreich}, P. and {Julian}, W.~H.},
    title = "{Pulsar electrodynamics}",
  journal = {Astrophys. J.},
     year = 1969,
   volume = 157,
    pages = {869-880},
}


@article{Suleimanov:2007it,
      author         = "Suleimanov, Valery and Werner, K.",
      title          = "{Importance of Compton scattering for radiation spectra
                        of isolated neutron stars with weak magnetic fields}",
      journal        = "Astron. Astrophys.",
      year           = "2007",
      pages          = "661-668",
}

@article{RCh09,
      author         = "Chistyakov, M. V. and Rumyantsev, D. A.",
      title          = "{Compton effect in strongly magnetized plasma}",
      journal        = "Int. J. Mod. Phys.",
      volume         = "A24",
      year           = "2009",
      pages          = "3995-4008",
}

@article{Kuznetsov:2015,
      author         = "Kuznetsov, A. V. and Rumyantsev, D. A. and Shlenev, D.
                        M.",
      title          = "{Generalized two-point tree-level amplitude $j f \to 
                        j'f'$ in a magnetized medium}",
      journal        = "Int. J. Mod. Phys.",
      volume         = "A30",
      year           = "2015",
      number         = "11",
      pages          = "1550049",
}


@article{Mushtukov:2016,
      author         = "Mushtukov, Alexander A. and Nagirner, Dmitrij I. and
                        Poutanen, Juri",
      title          = "{Compton scattering S-matrix and cross section in strong
                        magnetic field}",
      journal        = "Phys. Rev.",
      volume         = "D93",
      year           = "2016",
      number         = "10",
      pages          = "105003",
}


@article{Mushtukov:2022,
	author = {Mushtukov, A.A. and Markozov, I.D. and Suleimanov, V.F. and Nagirner, D.I. and Kaminke, A.D. and Potekhin, A.Y. and Portegies Zwart, S.},
	title ="{Statistical features of multiple Compton scattering in a strong magnetic field}",
	journal = {Phys. Rev. D},
	year = 2022,
	volume = {105},
	pages = {103027},
}


@article{Kompaneets:1957,
	author = {Kompaneets A.S.},
	title ="{The Establishment of Thermal Equilibium between Quanta and Electrons}",
	journal = {JETP},
	year = 1957,
	volume = {4},
	number = {5},
	pages = {876 --885},
	language = {english}
}


@article{Lubarsky:1988,
	author = {Любарский Ю.Э.},
	title ="{Комптонизация в сверхсильном магнитном \\поле.~I}",
	journal = {Астрофизика},
	year = 1988,
	volume = {28},
	number = {1},
	language = {russian}
}

@inproceedings{YarkovJoPCSComp:2020,
      author         = "Chistyakov, M.~V. and Rumuyantsev, D.~A. and Yarkov, A.~A.  ",
      title          = "{Effect of a strongly magnetized plasma on the resonant photon scattering process}",
      booktitle      = "{J. Phys.: Conf. Ser.}",
      publisher      = {IOP Publishing},
      year           = "2020",
volume = "1690",
      pages          = "012015",
      language     = {english}      
}

@book{KM_Book_2003,
  author       = {Kuznetsov, A. V. and Mikheev, N. V.},
  title        = {Electroweak processes in external electromagnetic fields},
  publisher    = {Springer-Verlag},
  address      = {New York},
  year         = {2003},
  numpages        = {120},
}

%%%%%%%%%%%%%%%%%%%%%%%%%%%%%%%%%%%%%%%%%%%%%%%%%%%%%%%%%%%%%%%%%%%%%%%%%%%%%%%%%%%%%%%%%%%%%%%%%%%%
%
%                   Application
%
%%%%%%%%%%%%%%%%%%%%%%%%%%%%%%%%%%%%%%%%%%%%%%%%%%%%%%%%%%%%%%%%%%%%%%%%%%%%%%%%%%%%%%%%%%%%%%%%%%%%

@article{Kuznetsov:2011,
      author         = "Kuznetsov, A. V. and Okrugin, A. A.",
      title          = "{The exact electron propagator in a magnetic field as the
                        sum over landau levels on a basis of the Dirac equation
                        exact solutions}",
      journal        = "Int. J. Mod. Phys.",
      volume         = "A26",
      year           = "2011",
      pages          = "2725-2733",
}

@ARTICLE{Kaminker:1992a,
   author = {{Kaminker}, A.~D. and {Levenfish}, K.~P. and {Yakovlev}, D.~G. and 
	{Amsterdamski}, P. and {Haensel}, P.},
    title = "{Neutrino emissivity from e$^{-}$ synchrotron and e$^{-}$e$^{+}$ annihilation processes in a strong magnetic field: General formalism and nonrelativistic limit}",
  journal = {Phys. Rev.},
     year = 1992,
   volume = D46,
    pages = {3256-3264},
}

@ARTICLE{Kaminker:1992b,
   author = {{Kaminker}, A.~D. and {Gnedin}, O.~Y. and {Yakovlev}, D.~G. and 
	{Amsterdamski}, P. and {Haensel}, P.},
    title = "{Neutrino emissivity from e$^{-}$e$^{+}$ annihilation in a strong magnetic field: Hot, nondegenerate plasma}",
  journal = {Phys. Rev.},
     year = 1992,
   volume = D46,
    pages = {4133-4139},
}

@ARTICLE{Latal:86,
   author = {{Latal}, H.~G.},
    title = "{Cyclotron radiation in strong magnetic fields}",
  journal = {Astrophys. J.},
     year = 1986,
   volume = 309,
    pages = {372-382},
}


@article{Jancovici,
  author = {{Jancovici}, B.},
  title = {Radiative Correction to the Ground-State Energy of an Electron in an Intense Magnetic Field},
  journal = {Phys. Rev.},
  volume = {187},
  pages = {2275-2276},
  year = {1969},
}

@article{Ritus:1978,
      author         = "Ритус, В. И.",
      title          = "{Метод собственных функций и массовый оператор в квантовой электродинамике постоянного поля}",
      journal        = "ЖЭТФ",
      volume         = "{78}",
      year           = "{1975}",
      number         = "{2}",
      pages          = "{1560-1583}",
      language     = {russian}      
}


@article{Zhukovskii:1994,
      author         = "Жуковский, В. Ч. and Мидодашвили, П. Г. and Эминов, П. А.",
      title          = "{Мнимая часть массового оператора электрона в постоянном поле при конечной температуре и плотности}",
      journal        = "ЖЭТФ",
      volume         = "{106}",
      year           = "{1994}",
      number         = "{4}",
      pages          = "{929-935}",
      language     = {russian}      
}

@article{MGU,
      author         = "Борисов, А. В. and Вшивцев, А. С. and Жуковский, В Ч. and Эминов, П. А.",
      title          = "{Фотоны и лептоны во внешних полях при конечных температуре и плотности}",
      journal        = "УФН",
      volume         = "{167}",
      year           = "{1997}",
      number         = "{3}",
      pages          = "{241-267}",
      language     = {russian}      
}
%%%%%%%%%%%%%%%%%%%%%%%%%%%%%%%%%%%%%%%%%%%%%%%%%%%%%%%%%%%%%%%%%%%%%%%%%%%%%%%%%%%%%%%%%%%%%%%%%%%%
%
%                    My papers
%
%%%%%%%%%%%%%%%%%%%%%%%%%%%%%%%%%%%%%%%%%%%%%%%%%%%%%%%%%%%%%%%%%%%%%%%%%%%%%%%%%%%%%%%%%%%%%%%%%%%%


@article{Rumyantsev:2017,
      author         = "Румянцев, Д. А. and Шленев, Д. М. and Ярков, А. А.",
      title          = "{Резонансы в комптоноподобных процессах рассеяния  во внешней замагниченной среде}",
      journal        = "ЖЭТФ.",
      volume         = "{152}",
      year           = "{2017}",
      number         = "{3}",
      pages          = "{483-494}",
      language     = {russian}      
}

@inproceedings{YarkovJoPCSDamp:2020,
      author         = "Chistyakov M.~V. ,Rumuyantsev D.~A. , Yarkov A.~A.  ",
      title          = "{Photon damping in a strongly magnetized plasma}",
      booktitle      = "{J. Phys.: Conf. Ser.}",
      publisher      = {IOP Publishing},
      year           = "2020",
	volume = "1690",
      pages          = "012008",
      language     = {english}      
}

@inproceedings{YarkovJoPCSComp:2020,
      author         = "Chistyakov, M.~V. and Rumuyantsev, D.~A. and Yarkov, A.~A.  ",
      title          = "{Effect of a strongly magnetized plasma on the resonant photon scattering process}",
      booktitle      = "{J. Phys.: Conf. Ser.}",
      publisher      = {IOP Publishing},
      year           = "2020",
      pages          = "1690 012015",
      language     = {english}      
}
