%%%%%%%%%%%%%%%%%%%%%%%%%%%%%%%%%%%%%%%%%%%%%%%%%%%%%%%%%%%%%%%%%%%%%%%%%%%%%%%%%
%
%          Introduction
%
%%%%%%%%%%%%%%%%%%%%%%%%%%%%%%%%%%%%%%%%%%%%%%%%%%%%%%%%%%%%%%%%%%%%%%%%%%%%%%%%%
@article{DongLai:2001,
  title = {Matter in strong magnetic fields},
  author = {Lai, D.},
  journal = {Rev. Mod. Phys.},
  volume = {73},
  issue = {3},
  pages = {629--662},
  year = {2001},
}

@article{Bisnovatyi:1979,
	author = "Бисноватый-Коган, Г. С.  and  Чечеткин, В. М.",
	title = "{Неравновесные оболочки нейтронных звезд, их роль в поддержании рентгеновского излучения и нуклеосинтезе}",
	journal = "Усп. физ. наук",
	year = "{1979}",
	volume = "{127}",
	number = "{2}",
	pages = "{263--296}",
	language     = {russian}      
}

@article{Kouveliotou:1998ze,
      author         = "Kouveliotou, C. and others",
      title          = "{An X-ray pulsar with a superstrong magnetic field in the
                        soft gamma-ray repeater SGR 1806-20.}",
      journal        = "Nature",
      volume         = "393",
      year           = "1998",
      pages          = "235--237",
}

@article{Kouveliotou:1998fd,
      author         = "Kouveliotou, Chryssa and Strohmayer, Tod and Hurley,
                        Kevin and van Paradijs, Jan and Finger, Mark H. and
                        Dieters, Stefan and Woods, Peter and Thompson, Christopher
                        and Duncan, Robert S.",
      title          = "{Discovery of a magnetar associated with the soft gamma
                        repeater SGR 1900+14}",
      journal        = "Astrophys. J.",
      volume         = "510",
      year           = "1999",
      pages          = "L115--118",
}

@article{Gavriil:2002mc,
      author         = "Gavriil, Fotis P. and Kaspi, V. M. and Woods, P. M.",
      title          = "{Magnetar - like x-ray bursts from an anomalous x-ray
                        pulsar}",
      journal        = "Nature",
      volume         = "419",
      year           = "2002",
      pages          = "142--144",
}

@article{Ibrahim:2002zy,
      author         = "Ibrahim, Alaa I. and Swank, Jean H. and Parke, William",
      title          = "{New evidence for proton cyclotron resonance in a
                        magnetar strength field from SGR 1806-20}",
      journal        = "Astrophys.~J.~L.",
      volume         = "584",
      year           = "2003",
      pages          = "17--22",
}

@article{Ibrahim:2002zw,
      author         = "Ibrahim, Alaa I. and Safi-Harb, Samar and Swank, Jean H.
                        and Parke, William and Zane, Silvia",
      title          = "{Discovery of cyclotron resonance features in the soft
                        gamma repeater SGR 1806-20}",
      journal        = "Astrophys.~J.~L.",
      volume         = "574",
      year           = "2002",
      pages          = "51--55",
}

@article{Kim:2023,
       author = {{Kim}, Vitaliy and {Umirbayeva}, Adel and {Aimuratov}, Yerlan},
        title = "{Estimates of the Surface Magnetic Field Strength of Radio Pulsars}",
      journal = {Universe},
         year = 2023,
       volume = {9(7)},
        number = {334},
}

@article{Gunn:1969,
	author = {{Gunn}, James E. and {Ostriker}, Jeremiah P.},
	title = "{Magnetic Dipole Radiation from Pulsars}",
	journal = {Nature},
	year = 1969,
	volume = {221},
	number = {5179},
	pages = {454--456},
}

@article{Pacini:1970,
	author = {{Pacini}, F.},
	title = "{The Nature of Pulsar Radiation}",
	journal = {Nature},
	year = 1970,
	volume = {226},
	number = {5246},
	pages = {622--624}
}

@article{Trumper:1977,
       author = {Tr{\"u}mper, J. and {Pietsch}, W. and {Reppin}, C. and {Voges}, W. and {Staubert}, R. and {Kendziorra}, E.},
        title = "{Evidence for Strong Cyclotron Emission in the Hard X-Ray Spectrum of Her X-1}",
		journal = {Astrophys.~J.~L.},
         year = {1978},
       volume = {219},
        pages = {105--110},
}

@ARTICLE{Mazets:1979,
       author = {{Mazets}, E.~P. and {Golenetskij}, S.~V. and {Guryan}, Y.~A.},
        title = "{Soft gamma-ray bursts from the source B1900+14}",
      journal = {Pis'ma Astron. Zh.},
         year = 1979,
       volume = {5},
        pages = {641--643},
}

@ARTICLE{Mereghetti:1995,
       author = {{Mereghetti}, S. and {Stella}, Lett.},
        title = "{The Very Low Mass X-Ray Binary Pulsars: A New Class of Sources?}",
      journal = {Astrophys. J.~L.},
         year = 1995,
       volume = {442},
        pages = {17--20},
}

@ARTICLE{Hurley:1999,
       author = {{Hurley}, K. and {Kouveliotou}, C. and {Woods}, P. and {Cline}, T. and {Butterworth}, P. and {Mazets}, E. and {Golenetskii}, S. and {Frederics}, D.},
        title = "{Reactivation and Precise Interplanetary Network Localization of the Soft Gamma Repeater SGR 1900+14}",
      journal = {Astrophys.~J.~L.},
         year = 1999,
       volume = {510},
       number = {2},
        pages = {107--109},
}

@ARTICLE{Hurley:1999b,
       author = {{Hurley}, K. and {Cline}, T. and {Mazets}, E. and {Barthelmy}, S. and {Butterworth}, P. and {Marshall}, F. and {Palmer}, D. and {Aptekar}, R. and {Golenetskii}, S. and {Il'Inskii}, V. and {Frederiks}, D. and {McTiernan}, J. and {Gold}, R. and {Trombka}, J.},
        title = "{A giant periodic flare from the soft {\ensuremath{\gamma}}-ray repeater SGR1900+14}",
      journal = {Nature},
     keywords = {Astrophysics},
         year = 1999,
       volume = {397},
       number = {6714},
        pages = {41--43},
}

@ARTICLE{Hurley:2005,
       author = {{Hurley}, K. and {Boggs}, S.~E. and {Smith}, D.~M. and {Duncan}, R.~C. and {Lin}, R. and {Zoglauer}, A. and {Krucker}, S. and {Hurford}, G. and {Hudson}, H. and {Wigger}, C. and {Hajdas}, W. and {Thompson}, C. and {Mitrofanov}, I. and {Sanin}, A. and {Boynton}, W. and {Fellows}, C. and {von Kienlin}, A. and {Lichti}, G. and {Rau}, A. and {Cline}, T.},
        title = "{An exceptionally bright flare from SGR 1806-20 and the origins of short-duration {\ensuremath{\gamma}}-ray bursts}",
      journal = {Nature},
         year = 2005,
       volume = {434},
       number = {7037},
        pages = {1098--1103},
}

@ARTICLE{Younes:2021,
       author = {{Younes}, G. and {Baring}, M.~G. and {Kouveliotou}, C. and {Arzoumanian}, Z. and {Enoto}, T. and {Doty}, J. and {Gendreau}, K.~C. and {G{\"o}{\v{g}}{\"u}{\c{s}}}, E. and {Guillot}, S. and {G{\"u}ver}, T. and {Harding}, A.~K. and {Ho}, W.~C.~G. and {van der Horst}, A.~J. and {Hu}, C. -P. and {Jaisawal}, G.~K. and {Kaneko}, Y. and {LaMarr}, B.~J. and {Lin}, Lett. and {Majid}, W. and {Okajima}, T. and {Pope}, J. and {Ray}, P.~S. and {Roberts}, O.~J. and {Saylor}, M. and {Steiner}, J.~F. and {Wadiasingh}, Z.},
        title = "{Broadband X-ray burst spectroscopy of the fast-radio-burst-emitting Galactic magnetar}",
      journal = {Nature Astronomy},
         year = 2021,
       volume = {5},
        pages = {408--413},
}

@ARTICLE{Yakovlev:2004,
       author = {{Yakovlev}, D.~G. and {Pethick}, C.~J.},
        title = "{Neutron Star Cooling}",
      journal = {Annu. Rev. Astron. \& Astrophys.},
     keywords = {Astrophysics},
         year = 2004,
       volume = {42},
       number = {1},
        pages = {169--210},
}


@article{Fernandez:2007,
year = {2007},
volume = {660},
number = {1},
pages = {615--640},
author = {Rodrigo Fernandez and Christopher Thompson},
title = {Resonant Cyclotron Scattering in Three Dimensions and the Quiescent Nonthermal X-ray Emission of Magnetars},
journal = {Astrophys.~J.},
}

@ARTICLE{Melrose:2020,
       author = {{Melrose}, D.~B.},
        title = "{Quantum kinetic theory for unmagnetized and magnetized plasmas}",
      journal = {Rev. Mod. Plasma Phys.},
     keywords = {Quantum fluid theory, Quantum kinetic theory, Quantum plasmadynamics, Magnetized vacuum},
         year = 2020,
       volume = {4},
       number = {8},
}

@ARTICLE{Suh:1999,
       author = {{Suh}, In-Saeng and {Mathews}, G.~J.},
        title = "{Weak reaction freeze-out constraints on primordial magnetic fields}",
      journal = {Phys. Rev. D},
         year = 1999,
       volume = {59},
       number = {12, 123002}
}

@ARTICLE{Jones:2010,
       author = {{Jones}, P.~B.},
        title = "{Electron-positron bremsstrahlung and pair creation in very high magnetic fields}",
      journal = {Mon. Not. Roy.  Astron. Soc.},
         year = 2010,
       volume = {409},
       number = {4},
        pages = {1719-1727},
}

@article{Canuto:1975,
author = {Canuto, V.},
title = {Quantum processes in strong magnetic fields},
journal = {Ann. N. Y. Acad. Sci.},
volume = {257},
number = {1},
pages = {108--126},
year = {1975}
}



@article{Mushtukov:2012,
  title = {Relativistic kinetic equation for Compton scattering of polarized radiation in a strong magnetic field},
  author = {Mushtukov, Alexander A. and Nagirner, Dmitrij I. and Poutanen, Juri},
  journal = {Phys. Rev. D},
  volume = {85},
  number = {10, 103002},
  year = {2012},
}


@ARTICLE{Burnard:1990,
       author = {{Burnard}, David J. and {Klein}, Richard I. and {Arons}, Jonathan},
        title = "{Continuum radiative transfer in the polar columns of accretion powered pulsars - Incoherent scattering}",
      journal = {Astrophys. J.},
         year = 1990,
       volume = {349},
        pages = {262--273},
}

@article{Araya:1999,
year = {1999},
volume = {517},
number = {1},
pages = {334--354},
author = {Rafael A. Araya and Alice K. Harding},
title = {Cyclotron Line Features from Near-critical Magnetic Fields: The Effect of Optical Depth and Plasma Geometry},
journal = {Astrophys. J.},
}


@article{Erber:1966,
  title = {High-Energy Electromagnetic Conversion Processes in Intense Magnetic Fields},
  author = {ERBER, T.},
  journal = {Rev. Mod. Phys.},
  volume = {38},
  issue = {4},
  pages = {626--659},
  year = {1966},
}



@article{ Staubert:2019,
	author = {{Staubert, R.} and {Tr\"umper, J.} and {Kendziorra, E.} and {Klochkov, D.} and {Postnov, K.} and {Kretschmar, P.} and {Pottschmidt, K.} and {Haberl, F.} and {Rothschild, R. E.} and {Santangelo, A.} and {Wilms, J.} and {Kreykenbohm, I.} and {F\"urst, F.}},
	title = {Cyclotron lines in highly magnetized neutron stars},
	journal = {Astronomy ${\&}$ Astrophysics},
	year = 2019,
	volume = 622,
	number = "A61"
}

@article{Mitrofanov:1982,
    author = {Mitrofanov, I. G. and Pavlov, G. G.},
    title = "{Magnetic field strongly reduces critical luminosity of neutron stars and degenerate dwarfs}",
    journal = {Mon. Not. Roy.  Astron. Soc.},
    volume = {200},
    number = {4},
    pages = {1033--1037},
    year = {1982},
}

@article{Baring:2018,
    author = {Baring, Matthew G. and Harding, Alice K.},
    title = "{Modeling the Non-Thermal X-ray Tail Emission of Anomalous X-ray Pulsars}",
    journal = {AIP Conference Proceedings},
    volume = {968},
    number = {1},
    pages = {93--100},
    year = {2008},
}

@article{Kaspi:2017,
author = {Kaspi, Victoria M. and Beloborodov, Andrei M.},
title = {Magnetars},
journal = {Annu. Rev. Astron. \& Astrophys.},
volume = {55},
number = {1},
pages = {261--301},
year = {2017},
}

@BOOK{Berestetskii:1989,
  author       = {В. Б. Берестецкий and Е. М. Лифшиц and Л. П. Питаевский},
  title        = {Квантовая электродинамика},
  publisher    = {ФИЗМАТЛИТ},
  Volume       = {4},
  address      = {Москва},
  year         = {2002},
  numpages        = {720},
  language     = {russian},
}

@article{Suleimanov:2007it,
      author         = "Suleimanov, Valery and Werner, K.",
      title          = "{Importance of Compton scattering for radiation spectra
                        of isolated neutron stars with weak magnetic fields}",
      journal        = "Astronomy ${\&}$ Astrophysics",
      year           = "2007",
      pages          = "661--668",
	vol = "466",
}


@ARTICLE{Kostenko:2018,
   author = {{Kostenko}, A. and {Thompson}, C.},
    title = "{QED Phenomena in an Ultrastrong Magnetic Field. I. Electron-Photon Scattering, Pair Creation, and Annihilation}",
  journal = {Astrophys. J.},
     year = 2018,
    number= {1, 44},
   volume = 869
}



@article{Mushtukov:2022,
	author = {Mushtukov, A.A. and Markozov, I.D. and Suleimanov, V.F. and Nagirner, D.I. and Kaminke, A.D. and Potekhin, A.Y. and Portegies Zwart, S.},
	title ="{Statistical features of multiple Compton scattering in a strong magnetic field}",
	journal = {Phys. Rev. D},
	year = 2022,
	volume = {105},
	number = {10, 103027},
}


@article{Miller:1995,
	language   = "english",
	author     = "M. Coleman Miller",
	title      = "{Constraints on hydrostatic models of soft gamma-ray repeaters}",
	year       = "1995",
	journal	   = "Astrophys.~J.~L.",
	volume    = "448",
	pages = "29--32",
}

@article{Rumyantsev:2013,
	author = {Румянцев, Д.~А.},
	title = "{Резонансный механизм рождения $e^+e^-$-пар в сильном магнитном поле}",
	journal = {Ядерная физика},
	year = 2013,
	volume = 76,
	number = 12,
	pages = {1605--1609},
	language = {russian},
}

@article{Gonthier:2014,
      author         = "Gonthier, Peter Lett. and Baring, Matthew G. and Eiles,
                        Matthew T. and Wadiasingh, Zorawar and Taylor, Caitlin A.
                        and Fitch, Catherine J.",
      title          = "{Compton scattering in strong magnetic fields:
                        Spin-dependent influences at the cyclotron resonance}",
      journal        = "Phys. Rev. D",
      volume         = "D90",
      year           = "2014",
      number         = "4, 043014"
}


@article{HBG:1997,
      author         = "Harding, A. C. and Baring, M. G. and Gonthier, P. Lett.",
      title          = "{Photon splitting cascades in Gamma-Ray pulsars and the spectrum of PSR1509-58}",
      journal        = "Astrophys.~J.",
      volume         = "476",
      year           = "1997",
      pages          = "246--260",
}

%%%%%%%%%%%%%%%%%%%%%%%%%%%%%%%%%%%%%%%%%%%%%%%%%%%%%%%%%%%%%%%%%%%%%%%%%%%%%%%%%%%%%%%%%%%%%%%%%%%%
%
%                    Chapter 1
%
%%%%%%%%%%%%%%%%%%%%%%%%%%%%%%%%%%%%%%%%%%%%%%%%%%%%%%%%%%%%%%%%%%%%%%%%%%%%%%%%%%%%%%%%%%%%%%%%%%%%
@article{Boyanovsky:1998nz,
    author = "Boyanovsky, D. and de Vega, H.J. and Lee, D.S. and Ng, Y.J. and Wang, Shang-Yung",
    title = "{Fermion damping in a fermion scalar plasma}",
    journal = "Phys. Rev. D",
    volume = "59",
    number = "10, 105001",
    year = "1999"
}

@article{Ritus1969,
author         = "Ритус, В. И.",
      title          = "{Радиационные эффекты и их усиление в интенсивном электромагнитном поле}",
      journal        = "ЖЭТФ.",
      volume         = "{57}",
      year           = "{1969}",
      number         = "{6}",
      pages          = "{2176–-2188}",
      language     = {russian}      
}

@article{Batalin:1971,
      author         = "Баталин, И. А. and  Шабад, A. E.",
      title          = "{Функция Грина фотона в постоянном однородном электромагнитном 
                        поле общего вида}",
      journal        = "ЖЭТФ",
      volume         = "{60}",
      year           = "{1971}",
      number         = "{3}",
      pages          = "{894--900}",
      language     = {russian}      
}

@book{Kuznetsov:2003,
  author       = {Kuznetsov, A. V. and Mikheev, N. V.},
  title        = {Electroweak processes in external electromagnetic fields},
  publisher    = {Springer-Verlag},
  address      = {New York},
  year         = {2003},
  numpages        = {120},
}


@book{KM_Book_2013,
       author         = "Kuznetsov, Alexander and Mikheev, Nickolay",
      title          = "{Electroweak processes in external active media}",
      journal        = "Springer Tracts Mod. Phys.",
      volume         = "252",
      year           = "2013",
      numpages          = "271",
}

@article{Harding:2006,
      author         = "Harding, Alice K. and Lai, Dong",
      title          = "{Physics of strongly magnetized neutron stars}",
      journal        = "Rept. Prog. Phys.",
      volume         = "69",
      year           = "2006",
      pages          = "2631--2724",
}

@article{Baring:1998,
   author = {{Baring}, M.~G. and {Harding}, A.~K.},
    title = "{Radio-quiet pulsars with ultrastrong magnetic fields}",
  journal = {Astrophys. J.~L.},
     year = 1998,
    number = 1,
   volume = 507,
    pages = {55--58},
}

@article{Baring:2001,
	language   = "english",
	author     = "Matthew G. Baring and Alice K. Harding",
	title      = "{Photon Splitting and Pair Creation in Highly Magnetized Pulsars}",
	year       = "2001",
	journal	   = "Astrophys.~J.",
	volume    = "547",
	number	  = "2",
	pages	  = "929--948"
}

@article{Malofeev:2005,
   author = {{Malofeev}, V.~M. and {Malov}, O.~I. and {Teplykh}, D.~A. and 
	{Tyul'Bashev}, S.~A. and {Tyul'Basheva}, G.~E.},
    title = "{Radio emission from two anomalous X-ray pulsars}",
  journal = {Astronomy Reports},
     year = 2005,
   number = 3,
   volume = 49,
    pages = {242--249},
}

@article{Adler:1971,
  author = {{Adler}, S.~L.},
    title = "{Photon splitting and photon dispersion in a strong magnetic field.}",
  journal = {Annals of Physics},
     year = 1971,
   volume = 67,
    pages = {599--647},
}

@book{Gradstein:1963,
   author       = {И. С. Градштейн and  И. М. Рыжик},
  title        = {Таблицы интегралов, сумм, рядов  и  произведений},
  publisher    = {Гос. изд-во физ.-мат. лит.},
  address      = {Москва},
  year         = {1963},
  numpages        = {1108},
  language     = {russian},
}

@article{Kogan:1970,
      author         = "Бисноватый-Коган, Г.С.",
      title          = "{Взрыв вращающейся звезды как механизм сверхновой}",
      journal        = "Астрон. журн.",
      volume         = "{47}",
      year           = "{1970}",
      pages          = "{813--816}",
      language     = {russian}      
}

@book{Kogan:1989,
  author       = {Г. С. Бисноватый-Коган},
  title        = {Физические вопросы теории звездной эволюции},
  publisher    = {Наука},
  address      = {Москва},
  year         = {1989},
  numpages        = {487},
  language     = {russian},
}

@article{Thompson:1996,
   author = {{Thompson}, C. and {Duncan}, R.~C.},
    title = "{The soft gamma repeaters as very strongly magnetized neutron stars. II. Quiescent neutrino, X-Ray, and Alfven wave emission}",
  journal = {Astrophys. J.},
     year = 1996,
   volume = 473,
    pages = {322--342},
}

@article{Barbieri:1989,
	language   = "english",
	author     = "R. Barbieri and R. N. Mohapatra",
	title      = "{Limits on right-handed interactions from SN 1987A observations}",
	year       = "1989",
	journal	   = "Phys. Rev. D ",
	volume    = "D39",
	pages    = "1229--1232"
}

@article{Erber:2003,
   author = {{Erber}, T. and {Latal}, H.~G.},
    title = "{Unified radiation formulae for classical and quantum electrodynamics}",
  journal = {European Journal of Physics},
     year = 2003,
    number  = 1,
   volume = 24,
    pages = {67--79},
}

@article{Semionova:2010,
   author = {{Semionova}, L. and {Leahy}, D. and {Paez}, J.},
    title = "{Polarization in cyclotron radiation in strong magnetic fields}",
  journal = {Research in Astronomy and Astrophysics},
     year = 2010,
    number  = 10,
   volume = 10,
    pages = {1023--1040},
}

@article{Gvozdev:2012,
      author         = "Гвоздев, А. А  and Осокина, Е. В",
      title          = "{Нейтринные процессы во внешнем магнитном поле в формализме матрицы плотности}",
      journal        = "ТМФ",
      volume         = "{170}",
      year           = "{2012}",
      number         = "{3}",
      pages          = "{423-447}",
      language     = {russian}      
}


@article{Johnson:1949,
   author = {{Johnson}, M.~H. and {Lippmann}, B.~A.},
    title = "{Motion in a constant magnetic field}",
  journal = {Phys. Rev.},
     year = 1949,
   volume = 76,
   number = 6,
    pages = {828--832},
}

@book{Sokolov:1968,
  author       = {А. А. Соколов and И. М. Тернов},
  title        = {Синхротронное излучение},
  publisher    = {Наука},
  address-not      = {Москва},
  address      = {М.},
  year         = {1966},
  numpages        = {228},
  language     = {russian},
}

@book{Sokolov:1986,
  author       = {А. А. Соколов and И. М. Тернов},
  title        = { Релятивистский электрон},
  publisher    = {Наука},
  address      = {Москва},
  year         = {1983},
  numpages        = {304},
  language     = {russian},
}

@article{Bhattacharya:2004,
      author         = "Bhattacharya, Kaushik and Pal, Palash B.",
      title          = "{Inverse beta decay of arbitrarily polarized neutrons in
                        a magnetic field}",
      journal        = "Pramana J. Phys.",
      volume         = "62",
      year           = "2004",
      pages          = "1041--1058",
}

@article{Balantsev:2011,
      author         = "Balantsev, I. A. and Popov, {\relax Yu}. V. and
                        Studenikin, A. I.",
      title          = "{On the problem of relativistic particles motion in
                        strong magnetic field and dense matter}",
      journal        = "J. Phys. A: Math. Theor.",
      volume         = "44, 255301",
      year           = "2011"
}

@book{Peskin:1995,
  author       = {М. Пескин and Д. Шредер},
  title        = {Введение в квантовую теорию поля},
  publisher    = {РХД},
  address      = {Ижевск},
  year         = {2001},
  numpages        = {784},
  language     = {russian},
}

@book{Landau:1989,
	language   = {russian},
	author     = {Л. Д. Ландау and Е. М. Лифшиц},
	title      = {Квантовая механика. Нерелятивисткая теория},
	address    = {Москва},
	publisher  = {Наука},
	numpages = {768},
	year       = {1989},
}

@article{Weldon:1983,
      author         = "Weldon, H. Arthur",
      title          = "{Simple rules for discontinuities in finite temperature
                        field theory}",
      journal        = "Phys. Rev. D",
      volume         = "28",
      year           = "1983",
      pages          = "2007--2037",
}

@article{Pavlov:1991,
   author = {{Pavlov}, G.~G. and {Bezchastnov}, V.~G. and {Meszaros}, P. and 
	{Alexander}, S.~G.},
    title = "{Radiative widths and splitting of cyclotron lines in superstrong magnetic fields}",
  journal = {Astrophys. J.},
     year = 1991,
   volume = 380,
    pages = {541--549},
}

@article{Baier:2007,
   author = {{Baier}, V.~N. and {Katkov}, V.~M.},
    title = "{Pair creation by a photon in a strong magnetic field}",
  journal = {Phys. Rev. D},
      volume  = "75",
     year = 2007,
     number = "7, 073009"
}

@article{Andreev:2010,
      author         = "Андреев, М.С. and Михеев, Н. В. and Нарынская, Е. Н.",
      title          = "{Дисперсия нейтрино в зарядово-симметричной плазме}",
      journal        = "ЖЭТФ",
      volume         = "{137}",
      year           = "{2010}",
      number         = "{2}",
      pages          = "{259--267}",
      language     = {russian}      
}

@article{Rojas1979,
   author = {Peres Rojas, H. and Shabad, A. E.},
    title = "{Polarization of relativistic electron and positron gas in a strong magnetic field. Propagation of electromagnetic waves}",
  journal = {Annals of Physics},
     year = 1979,
   volume = 121,
   number  = 2,
    pages = {432--464},
}

@article{Rojas1982,
   author = {Peres Rojas, H. and Shabad, A. E.},
    title = "{Absorption and dispersion of electromagnetic eigenwaves of electron-positron plasma in a strong magnetic field}",
  journal = {Annals of Physics},
     year = 1982,
   volume = 138,
    pages = {1--35},
}

@article{ShabadRusOnEng1988,
  author       = {Shabad, A. E.},
  title        = {Polarization of Vacuum and quantum relativistic gas in an external field},
  journal        = "Tr. Fiz. Inst. Akad. Nauk SSSR",
  year         = {1988},
  volume         = "{192}",
  pages        = {5--152},
}


@article{RCh05,
      author         = "Румянцев, Д. А. and Чистяков, М. В.",
      title          = "{Влияние сильно замагниченной плазмы на процесс расщепления фотона}",
      journal        = "ЖЭТФ",
      volume         = "{128}",
      year           = "{2005}",
      number         = "{4}",
      pages          = "{740--751}",
      language     = {russian}      
}

@inproceedings{KMU_2018,
      author         = "Ярков, А.~А. and Румянцев, Д.~А.  ",
      title          = "{Учёт конечной ширины поглощения электрона в комптоновском процессе в замагниченной среде}",
      booktitle      = "{XV конференция молодых ученых  
                         ``Фундаментальные и прикладные космические исследования''}",
      publisher      = {М.: ИКИ РАН},
      year           = "2018",
      pages          = "133--133",
      language     = {russian}      
}

@article{vanParad:1995,
	author = {{van Paradijs}, J. and {Taam}, R.~E. and {van den Heuvel}, E.~P.~J.},
	title = "{On the nature of the 'anomalous' 6-s X-ray pulsars}",
	journal = {Astronomy ${\&}$ Astrophysics},
	year = 1995,
	volume = {299},
	pages = {41--44},
}

@ARTICLE{Duncan:1992,
   author = {{Duncan}, R.~C. and {Thompson}, C.},
    title = "{Formation of very strongly magnetized neutron stars - Implications for gamma-ray bursts}",
  journal = {Astrophys.~J.~L.},
     year = 1992,
   volume = 392,
   number = 1,
    pages = {9--13},
}

@article{Chistyakov_gee:2001en,
      author         = "Mikheev, N. V. and Chistyakov N. V.",
      title          = "{Photon damping caused by electron-positron pair production in a strong magnetic field}",
      journal        = {JETP Letters},
      volume         = 73,
      year           = 2001,
      pages          = "642--646",
}

@article{Herold:1979,
      author         = "Herold, H.",
      title          = "{Compton and Thomson scattering in strong magnetic fields}",
      journal        = "Phys. Rev. D",
      volume         = "19",
      number         = "10, 2868",
      year           = "1979"
}

@article{Rojas1979r,
	author         = "Перес Рохас, У.",
	title          = "{Поляризационный оператор электрон-позитронного газа в постоянном внешнем магнитном поле}",
	journal        = "ЖЭТФ",
	volume         = "{76}",
	year           = "{1979}",
	number         = "{1}",
	pages          = "{3--17}",
	language     = {russian}      
}

@article{Poutanen:2013xaa,
	author         = "Poutanen, Juri and Mushtukov, Alexander A. and
	Suleimanov, Valery F. and Tsygankov, Sergey S. and
	Nagirner, Dmitrij I. and Doroshenko, Victor and Lutovinov,
	Alexander A.",
	title          = "{A reflection model for the cyclotron lines in the
	spectra of X-ray pulsars}",
	journal        = "Astrophys. J.",
	volume         = "777",
	year           = "2013",
	pages          = "115--123",
}

@article{Potekhin:2012mr,
	author         = "Potekhin, A. Y. and Suleimanov, V. F. and van Adelsberg,
	M. and Werner, K.",
	title          = "{Radiative properties of magnetic neutron stars with
	metallic surfaces and thin atmospheres}",
	journal        = "Astronomy ${\&}$ Astrophysics",
	volume         = "546",
	year           = "2012",
	pages          = "A121--A135",
}

@article{Suleimanov:2010ap,
	author         = "Suleimanov, V. and Hambaryan, V. V. and Potekhin, A. Y.
	and van Adelsberg, M. and Neuhaeuser, R. and Werner, K.",
	title          = "{Radiative properties of highly magnetized isolated
	neutron star surfaces and approximate treatment of
	absorption features in their spectra}",
	journal        = "Astronomy ${\&}$ Astrophysics",
	volume         = "511",
	year           = "2010",
	pages          = "A111--A165",
}

@article{Kuznetsov:1998pl,
author         = "Kuznetsov, A. V. and Mikheev, N.V. and Vassilevskaya, L. A.",
title          = "{Photon splitting $\gamma \to \nu \bar \nu$ in an external magnetic field}",
journal        = "Phys. Lett. B",
volume         = "B427",
year           = "1998",
number         = "1,2",
pages          = "105--108",
}

@article{Vassilevskaya:1999yf,
	author         = "Василевская, Л. А. and Кузнецов, А. В. and Михеев, Н. В.",
	title          = "{Индуцированное магнитным полем нейтрино-фотонное $\nu \nu \gamma$-взаимодействие}",
	journal        = "Ядерная физика",
	volume         = "{62}",
	year           = "{1999}",
	number         = "{4}",
	pages          = "{715--722}",
	language     = {russian}      
}

@article{Kennett:1998,
	author         = "Kennett, M. P. and Melrose, D. B.",
	title          = "{Neutrino emission via the plasma process in a magnetized
	plasma}",
	journal        = "Phys. Rev. D",
	volume         = "58, ",
	year           = "1998",
	number         = "9, 093011"
}

@article{Kirzhnits:1987,
	author = {Д. А. Киржниц},
	title = {Общие свойства электромагнитных функций отклика},
	publisher = {Успехи физических наук},
	year = {1987},
	journal = {Усп. физ. наук},
	volume = {152},
	number = {7},
	pages = {399--422}
}


@ARTICLE{Adler:1970,
	author = {{Adler}, S.~L. and {Bahcall}, J.~N. and {Callan}, C.~G. and 
	{Rosenbluth}, M.~N.},
	title = "{Photon splitting in a strong magnetic field}",
	journal = {Phys. Rev. Lett.},
	year = 1970,
	volume = 25,
	pages = {1061--1065},
}

@ARTICLE{Bialynicka:1970,
	author = {Bialynicka-Birula, Z. and  Bialynicka-Birula, I.},
	title = "{Nonlinear effects in quantum electrodynamics. Photon propagation and 
	photon splitting in an external field}",
	journal = {Phys. Rev. D.},
	year = 1970,
	volume = 2,
	number  = 10,
	pages = {2341--2345},
}

@article{Ritus:1972,
	author         = "Папанян, В. О. and Ритус, В. И. ",
	title          = "{Поляризация вакуума и расщепление фотонов в интенсивном поле}",
	journal        = "ЖЭТФ",
	volume         = "{61}",
	year           = "{1971}",
	number         = "{6}",
	pages          = "{2231--2241}",
	language     = {russian}      
}

@article{Stoneham:1979,
	author         = "Stoneham, R. J.",
	title          = "{Photon splitting in the magnetised vacuum}",
	journal        = "J. Phys.",
	volume         = "A12",
	year           = "1979",
	number         = "11",
	pages          = "2187--2203",
}

@article{Mentzel:1994,
	author         = "Mentzel, Markus and Berg, Dagmar and Wunner, Gunter",
	title          = "{Photon splitting in strong magnetic fields}",
	journal        = "Phys. Rev. D",
	volume         = "50",
	year           = "1994",
	pages          = "1125--1139",
}

@ARTICLE{BH:1998,
	author = {{Baring}, M.~G. and {Harding}, A.~K.},
	title = "{Radio-quiet pulsars with ultrastrong magnetic fields}",
	journal = {Astrophys. J.~L.},
	year = 1998,
	number = 1,
	volume = 507,
	pages = {L55-L58},
}

@article{Malofeev:2005r,
	author         = "Малофеев, В. М. and  Малов, О. И. and Теплых, Д. А. and и др.  ",
	title          = "{Радиоизлучение от двух аномальных рентгеновских пульсаров}",
	journal        = "Астрон. ж.",
	volume         = "{82}",
	year           = "{2005}",
	number         = "{3}",
	pages          = "{273--280}",
	language     = {russian}      
}

@article{Istomin:2007,
	author         = "Istomin, {\relax Ya}. N. and Sobyanin, D. N.",
	title          = "{Electron-positron plasma generation in a magnetar
	magnetosphere}",
	journal        = "Astron. Lett.",
	volume         = "33",
	year           = "2007",
	pages          = "660--672",
}

@ARTICLE{Bulik:1998,
	author = {{Bulik}, T.},
	title = "{Photon splitting in strongly magnetized plasma}",
	journal = {Acta Astronomica},
	year = 1998,
	volume = 48,
	pages = {695--710},
}

@article{Elmfors:1998,
	author         = "Elmfors, Per and Skagerstam, Bo-Sture",
	title          = "{Thermally induced photon splitting}",
	journal        = "Phys. Lett. B",
	volume         = "427",
	year           = "1998",
	pages          = "197--205",
}

@article{Gies:2000,
	author         = "Gies, Holger",
	title          = "{QED effective action at finite temperature: Two loop
	dominance}",
	journal        = "Phys. Rev. D",
	volume         = "61",
	year           = "2000",
	number         = "8, 085021"
}

@article{Martinez:2001,
	author         = "Martinez Resco, J. M. and Valle Basagoiti, M. A.",
	title          = "{Matter induced vertices for photon splitting in a weakly
	magnetized plasma}",
	journal        = "Phys. Rev. D",
	volume         = "64",
	number         = "1, 016006",
	year           = "2001"
}

@article{Weldon:1982,
	author         = "Weldon, H. Arthur",
	title          = "{Covariant calculations at finite temperature: The
	relativistic plasma}",
	journal        = "Phys. Rev. D",
	volume         = "26",
	year           = "1982",
	pages          = "1394--1433",
}

@article{Chist:2002mpla,
	author         = "Chistyakov, M. V. and Mikheev, N. V.",
	title          = "{Photon - neutrino interactions in strong magnetic field}",
	journal        = "Mod. Phys. Lett. A",
	volume         = "17",
	year           = "2002",
	number         = "39",
	pages          = "2553--2562",
}


@article{Parkh:2000,
	author         = "Mikheev, N. V. and Parkhomenko, A. Ya. and Vassilevskaya, L. A.",
	title          = "{  Magnetic-field influence on radiative axion decay into photons  
	of the same polarization}",
	journal        = "Ядерная физика",
	volume         = "{63}",
	year           = "{2000}",
	number         = "{6}",
	pages          = "{1122--1125}",
	language     = {russian}      
}

@ARTICLE{Usov:2002,
	author = {{Usov}, V.~V.},
	title = "{Photon splitting in the superstrong magnetic fields of pulsars}",
	journal = {Astrophys.~J.~L.},
	year = 2002,
	volume = 572,
	number = {1},
	pages = {87--90},
}

@article{Shabad:1983,
	author         = "Усов, В. В and Шабад, А. Е.",
	title          = "{О распаде гамма-квантов изгибного излучения вблизи поверхности пульсара}",
	journal        = "Письма в Астрон. журн.",
	volume         = "{9}",
	year           = "{1983}",
	pages          = "{401--404}",
	language     = {russian}      
}

@ARTICLE{Nagel,
	author = {{Nagel}, W.},
	title = "{Cyclotron line formation in the accretion column of an X-ray pulsar}",
	journal = {Astrophys. J.},
	year = 1980,
	volume = 236,
	pages = {904--910},
}

@ARTICLE{Itoh1992,
	author = {{Itoh}, N. and {Mutoh}, H. and {Hikita}, A. and {Kohyama}, Y.},
	title = "{Neutrino energy loss in stellar interiors. IV - Plasma neutrino process for strongly degenerate electrons}",
	journal = {Astrophys. J.},
	year = 1992,
	volume = 395,
	number = {2},
	pages = {622--631},
}

@article{Chistyakov_nng:1999,
	author         = "Chistyakov, M. V. and Mikheev, N. V.",
	title          = "{Radiative neutrino transition neutrino $\to$ neutrino
	gamma in strongly magnetized plasma}",
	journal        = "Phys. Lett. B",
	volume         = "467",
	year           = "1999",
	pages          = "232--237",
}

@article{Gvozdev:2002,
	author         = "Гвоздев, А. А. and Огнев, И. С. ",
	title          = "{Процессы взаимодействия нейтрино с нуклонами оболочки коллапсирующей звезды с 
	сильным магнитным полем}",
	journal        = "ЖЭТФ",
	volume         = "{121}",
	year           = "{2002}",
	number         = "{6}",
	pages          = "{1219--1234}",
	language     = {russian}      
}

@article{Mikheev:2000uf,
	author         = "Mikheev, N. V. and Narynskaya, E. N.",
	title          = "{Neutrino electron processes in a dense magnetized
	plasma}",
	journal        = "Mod. Phys. Lett. A",
	volume         = "15",
	year           = "2000",
	pages          = "1551--1556",
}

@article{Borisov:2012,
	author         = "Борисов, А. В. and Керимов, Б. К. and Сизин, П. Е.",
	title          = "{Слабый и электромагнитный механизмы фоторождения нейтринных пар 
	в сильно замагниченном электронном газе}",
	journal        = "Ядерная физика.",
	volume         = "{75}",
	year           = "{2012}",
	number         = "{11}",      
	pages          = "{1379--1386}",
	language     = {russian}      
}

@BOOK{Okun,
	author       = {Л.Б. Окунь},
	title        = {Лептоны и кварки},
	publisher    = {Наука},
	address      = {Москва},
	year         = {1990},
	numpages        = {346},
	language     = {russian},
}

@article{Skobelev:2000,
	author         = "Скобелев, В. В.",
	title          = "{Комптоновский механизм генерации нейтрино и аксионов на эффективно-двумерном 
	замагниченном ферми-газе}",
	journal        = "ЖЭТФ",
	volume         = "{117}",
	year           = "{2000}",
	number         = "{6}",
	pages          = "{1059--1066}",
	language     = {russian}      
}

@ARTICLE{Burrows:1986,
	author = {{Burrows}, A. and {Lattimer}, J.~M.},
	title = "{The birth of neutron stars}",
	journal = {Astrophys. J.},
	year = 1986,
	volume = 307,
	pages = {178--196},
}

@ARTICLE{Prakash:1997,
	author = {{Prakash}, M. and {Bombaci}, I. and {Prakash}, M. and {Ellis}, P.~J. and 
	{Lattimer}, J.~M. and {Knorren}, R.},
	title = "{Composition and structure of protoneutron stars}",
	journal = {Phys. Rep.},
	year = 1997,
	volume = 280,
	pages = {1--77},
}

@article{Mikheev:1999,
	author         = "Василевская, Л. А. and Михеев, Н. В. and Овчинников, О. С. and Пархоменко, А. Я.",
	title          = "{Индуцированное взаимодействие аксиона с электронами во внешнем магнитном поле}",
	journal        = "Ядерная физика.",
	volume         = "{62}",
	year           = "{1999}",
	number         = "{9}",      
	pages          = "{1662–-1667}",
	language     = {russian}      
}


@article{Mikheev:2006,
	author         = "Mikheev, N. V. and Narynskaya, E. N.",
	title          = "{Field-induced interaction of a pseudoscalar particle
	with photon in a magnetized $e^- e^+$ plasma}",
	journal        = "Mod. Phys. Lett. A",
	volume         = "21",
	year           = "2006",
	pages          = "433--444",
}

@article{MRV:1998,
	author         = "Mikheev, N. V. and Raffelt, G. and Vassilevskaya, L. A.",
	title          = "{Axion emission by magnetic field induced conversion of
	longitudinal plasmons}",
	journal        = "Phys. Rev. D",
	volume         = "58",
	year           = "1998",
	number         = "5, 055008"
}

@article{Mikheev:1998yg,
	author         = "Mikheev, N. V. and Ovchinnikov, O. S. and Vassilevskaya,
	L. A.",
	title          = "{$a \to e^+ e^-$ decay in a model with induced coupling to
	leptons}",
	journal        = "Mod. Phys. Lett. A",
	volume         = "13",
	year           = "1998",
	pages          = "321--326",
}

@article{RCh:2008,
	author         = "Румянцев, Д. А. and Чистяков, М. В.",
	title          = "{Влияние фотон-нейтринных процессов на остывание магнитара}",
	journal        = "ЖЭТФ.",
	volume         = "{134}",
	year           = "{2008}",
	number         = "{4}",
	pages          = "{627--636}",
	language     = {russian}      
}

@article{MikhRumShk:09,
	author         = "Михеев, Н. В. and Румянцев, Д. А. and Школьникова, Ю. Е.",
	title          = "{О резонансном рождении аксионов в магнитосфере магнитара}",
	journal        = "Письма в ЖЭТФ",
	volume         = "{90}",
	year           = "{2009}",
	number         = "{9}",
	pages          = "{668--671}",
	language     = {russian}      
}

@article{RCh:2009a,
	author         = "Румянцев, Д. А. and Чистяков, М. В.",
	title          = "{Процессы с участием фотонов в сильно замагниченной плазме}",
	journal        = "Ядерная физика",
	volume         = "{72}",
	year           = "{2009}",
	number         = "{2}",      
	pages          = "{334--339}",
	language     = {russian}      
}

@article{Rum:2013,
	author         = "Румянцев, Д. А.",
	title          = "{Резонансный механизм рождения $e^+e^-$ пар в сильном магнитном поле}",
	journal        = "Ядерная физика",
	volume         = "{76}",
	year           = "{2013}",
	number         = "{12}",      
	pages          = "{1605--1609}",
	language     = {russian}      
}

@article{KuzRumSav:2014,
	author         = "Kuznetsov, A. V. and Rumyantsev, D. A. and Savin, V. N.",
	title          = "{Creation of electron-positron pairs at excited Landau
	levels by neutrino in a strong magnetic field}",
	journal        = "Int. J. Mod. Phys. A",
	volume         = "29",
	year           = "2014",
	number         = "26, 1450136"
}

@article{MRCh:2014,
	author         = "Михеев, Н. В. and Румянцев, Д. А. and Чистяков, М. В.",
	title          = "{Фоторождение нейтрино на электроне  в плотной замагниченной среде}",
	journal        = "ЖЭТФ",
	volume         = "{146}",
	year           = "{2014}",
	number         = "{2}",
	pages          = "{289--296}",
	language     = {russian}      
}

@article{KuzRumSav:2016,
	author         = "Kuznetsov, A. V. and Rumyantsev, D. A. and Savin, V. N.",
	title          = "{Neutrino processes $\nu \bar\nu \to e^- e^+$ and $\nu
	\to \nu e^- e^+$ in a strong magnetic field}",
	booktitle      = "{International Conference on Particle Physics and
	Astrophysics (ICPPA 2015) Moscow, Russia, October 5-10,
	2015}",
	journal        = "J. Phys. Conf. Ser.",
	volume         = "675",
	year           = "2016",
	number         = "3, 032019"
}

@article{RumChistShlen:2016,
	author         = "Chistyakov, M. V.  and Rumyantsev, D. A. and  Shlenev, D. M.",
	title          = "{Photon splitting in a strongly magnetized, charge-asymmetric plasma}",
	booktitle      = "{19th International Seminar on High Energy Physics (QUARKS-2016)
	Pushkin, Russia, 29 May - 4 June, 2016}",
	journal        = "EPJ Web Conf.",
	volume         = "125, 04017",
	year           = "2016"
}

@article{Mushtukov:2015,
	author = {Mushtukov, Alexander A. and Suleimanov, Valery F. and Tsygankov, Sergey S. and Poutanen, Juri},
	title = {The critical accretion luminosity for magnetized neutron stars},
	journal = {Mon. Not. Roy.  Astron. Soc.},
	volume = {447},
	number = {2},
	pages = {1847--1856},
	year = {2015}
}

%%%%%%%%%%%%%%%%%%%%%%%%%%%%%%%%%%%%%%%%%%%%%%%%%%%%%%%%%%%%%%%%%%%%%%%%%%%%%%%%%%%%%%%%%%%%%%%

@inproceedings{KuzRumSav:2016lom,
	author         = "Kuznetsov, A. V. and Rumyantsev, D. A. and Savin, V. N.",
	title          = "{Neutrino production of $e^+e^-$ pairs in a strong magnetic field}",
	booktitle      = "{Proceeding of the Seventeenth Lomonosov Conference on Elementary  
	Particle Physics. Particle Physics at the Year of Light. Moscow, Russia, August 20-26,  2015}",
	year           = "2015",
	pages          = "525--527",
}



@inproceedings{RCh_Q2006,
	author         = "Chistyakov, M. V. and Rumyantsev, D. A.",
	title          = "{The Compton effect in a strongly magnetized plasma}",
	booktitle      = "{Quarks'2006. Proc. 14-th Int. Sem. «Quarks'2006», St.-Petersburg, 
	Repino, Russia, 2006.  Eds. S.V. Demidov et al.  Inst. Nucl. Res. RAS. Moscow}",
	volume         = "{2}",
	year           = "2007",
	pages          = "255--263",
}

@inproceedings{RCh_Q2008_1,
	author         = "Chistyakov, M. V. and Rumyantsev, D. A.",
	title          = "{Influence of the photon - neutrino processes on magnetar
	cooling}",
	booktitle      = "{Quarks'2008.  Proc. of 15-th Int. Sem. «Quarks'2008>, Sergiev Posad, Russia, 2008. Eds. by V. A. Duk, e.a. Inst. Nucl. Res. RAS. Moscow}",
	year           = "2010",
	pages          = "382--389",
}

@inproceedings{RCh_Q2008_2,
	author         = "Chistyakov, M. V. and Rumyantsev, D. A.",
	title          = "{Electromagnetic Processes In Strongly Magnetized
	Plasma}",
	booktitle      = "{Quarks'2008.  Proc. of 15-th Int. Sem. «Quarks'2008», Sergiev Posad, Russia, 2008. Eds. by V. A. Duk, e.a. Inst. Nucl. Res. RAS. Moscow}",
	year           = "2010",
	pages          = "75--84",
}

@inproceedings{MikhRumShk_Q2010,
	author         = "Mikheev, N. V. and Rumyantsev, D. A. and Shkol'nikova,
	{\relax Yu}. E.",
	title          = "{Resonant $\gamma \to a$ transition in magnetar
	magnitosphere}",
	booktitle      = "{Quarks'2010. Proc. of 16-th Int. Sem. «Quarks'2010», Kolomna, Russia, 2010. Ed. by V. A.Matveev, e.a. Inst. Nucl. Res., Moscow}",
	year           = "2010",
	pages          = "364--369",
}

@inproceedings{Rum_Q2012,
	author         = "Rumyantsev, D. A.",
	title          = "{Resonant electron-positron pairs production in magnetar polar cap}",
	booktitle      = "{Quarks'2012. Proc. of  17-th Int. Seminar «Quarks'2012», Yaroslavl, Russia, 2012.  Ed. by V.A.~Khlebnikov, e.a. Inst. 
	Nucl. Res., Moscow}",
	volume         = "{2}",
	year           = "2013",
	pages          = "222--228",
}

@inproceedings{Chistyakov:2014cga,
	author         = "Chistyakov, M. V. and Kuznetsov, A. V. and Mikheev, N. V.
	and Rumyantsev, D. A. and Shlenev, D. M.",
	title          = "{Neutrino photoproduction on electron in dense magnetized
	medium}",
	booktitle      = "{Quarks'2014. Proc. of 18-th Int. Sem. «Quarks'2014», Suzdal, Russia, 2014. Ed. by P. S. Satunin, e.a. Inst. Nucl. Res., Moscow}",
	year           = "2015",
	pages          = "322--329",
}

@inproceedings{Kuznetsov:2014iga,
	author         = "Kuznetsov, A. V. and Rumyantsev, D. A. and Savin, V. N.",
	title          = "{Neutrino production of electron-positron pairs at
	excited Landau levels in a strong magnetic field}",
	booktitle      = "{Quarks'2014. Proc. of 18-th Int. Sem. «Quarks'2014», Suzdal, Russia, 2014. Ed. by P. S. Satunin, e.a. Inst. Nucl. Res., Moscow}",
	year           = "2015",
	pages          = "315--321",
}

%%%%%%%%%%%%%%%%%%%%%%%%%%%%%%%%%%%%%%%%%%%%%%%%%%%%%%%%%%%%%%%%%%%%%%%%%%%%%%%%%%%%%%%%%%%%%%%%%%%%%%%%%%%%%%%%%%%%%
@article{MikhRumShk_vestn2009,
	author         = "Михеев, Н. В. and Румянцев, Д. А. and Школьникова, Ю. Е.",
	title          = "{Резонансный $\gamma \to a$  переход в магнитосфере магнитара}",
	journal        = "Вестник Ярославского государственного университета им. П.Г.Демидова. 
	Серия Естественные и технические науки",
	year           = "{2009}",
	number         = "{1}",      
	pages          = "{25--28}",
	language     = {russian}      
}

@article{MikhRumShk_vestn2011,
	author         = "Михеев, Н. В. and Румянцев, Д. А. and Школьникова, Ю. Е.",
	title          = "{Резонансный  механизм рождения аксионов в магнитосфере магнитара}",
	journal        = "Вестник Ярославского государственного университета им. П.Г.Демидова. 
	Серия Естественные и технические науки",
	year           = "{2011}",
	number         = "{1}",      
	pages          = "{43--47}",
	language     = {russian}      
}

@article{RumStus_vestn2011,
	author         = "Румянцев, Д. А. and Стусь, Н. С.",
	title          = "{Резонансное рождение электрон-позитронных пар в полярной шапке магнитара}",
	journal        = "Вестник Ярославского государственного университета им. П.Г.Демидова. 
	Серия Естественные и технические науки",
	year           = "{2011}",
	number         = "{2}",      
	pages          = "{32--37}",
	language     = {russian}      
}


@article{KuznetsovArxiv:2013,
	author         = "Kuznetsov, A. V. and Rumyantsev, D. A. and Shlenev, D.
	M.",
	title          = "{Generalized two-point tree-level amplitude $jf \to j^{\,
	\prime} f^{\, \prime}$ in a magnetized medium (extended
	version)}",
	eprint         = "1312.5719",
	archivePrefix  = "arXiv",
	primaryClass   = "hep-ph",
	year           = "2013",
}

@article{KuzRumSav:2014v,
	author         = "Кузнецов, А. В. and Румянцев, Д. А. and Савин, В. Н.",
	title          = "{Нейтринное рождение электрон-позитронных пар в магнитном поле произвольной интенсивности}",
	journal        = "Вестник Ярославского государственного университета им. П.Г.Демидова. 
	Серия Естественные и технические науки",
	year           = "{2014}",
	number         = "{1}",      
	pages          = "{7--13}",
	language     = {russian}      
}

@BOOK{Zeldovich:1971,
	author       = {Зельдович, Я. Б. and Новиков, И. Д.},
	title        = {Теория тяготения и эволюция звезд},
	publisher    = {Наука},
	address      = {Москва},
	year         = {1971},
	numpages        = {484},
	language     = {russian},
}

@BOOK{Lipunov:1987,
	author       = {Липунов, В. М.},
	title        = {Астрофизика нейтронных звезд},
	publisher    = {Наука},
	address      = {Москва},
	year         = {1987},
	numpages        = {294},
	language     = {russian},
}

@article{Fradkin,
	author       = {Фрадкин, Е. С.},
	title        = {Метод функций Грина в теории квантованных полей и квантовой статистике},
	journal        = "Тр. ФИАН СССР",
	publisher    = {Наука},
	address      = {Москва},
	year         = {1965},
	volume         = "{29}",
	pages        = {7--138},
	language     = {russian},
}

@ARTICLE{Beloborodov:2007,
	author = {{Beloborodov}, A.~M. and {Thompson}, C.},
	title = "{Corona of magnetars}",
	journal = {Astrophys. J.},
	year = 2007,
	volume = 657,      
	number = 2,
	pages = {967--993},
}


%%%%%%%%%%%%%%%%%%%%%%%%%%%%%%%%%%%%%%%%%%%%%%%%%%%%%%%%%%%%%
%%%%%%%%%%%%%%%%%%%%%%%%%%%%%%%%%%%%%%%%%%%%%%%%%%%%%%%%%%%%%
%%%														%%%%%%
%%%							Chapter I 					%%%%%%
%%%													    %%%%%%
%%%%%%%%%%%%%%%%%%%%%%%%%%%%%%%%%%%%%%%%%%%%%%%%%%%%%%%%%%%%%
%%%%%%%%%%%%%%%%%%%%%%%%%%%%%%%%%%%%%%%%%%%%%%%%%%%%%%%%%%%%%

@ARTICLE{Harding:1991,
       author = {{Harding}, Alice K. and {Daugherty}, Joseph K.},
        title = "{Cyclotron Resonant Scattering and Absorption}",
      journal = {Astrophys. J.},
         year = 1991,
       volume = {374},
        pages = {687--699},
}

@ARTICLE{Graziani:1993,
       author = {{Graziani}, Carlo},
        title = "{Strong-Field Cyclotron Scattering. I. Scattering Amplitudes and Natural Line Width}",
      journal = {Astrophys. J.},
         year = 1993,
       volume = {412},
        pages = {351--362},
}

%%%%%%%%%%%%%%%%%%%%%%%%%%%%%%%%%%%%%%%%%%%%%%%%%%%%%%%%%%%%%
%%%%%%%%%%%%%%%%%%%%%%%%%%%%%%%%%%%%%%%%%%%%%%%%%%%%%%%%%%%%%
%%%													   %%%%%%
%%%							Chapter II 				   %%%%%%
%%%													   %%%%%%
%%%%%%%%%%%%%%%%%%%%%%%%%%%%%%%%%%%%%%%%%%%%%%%%%%%%%%%%%%%%%
%%%%%%%%%%%%%%%%%%%%%%%%%%%%%%%%%%%%%%%%%%%%%%%%%%%%%%%%%%%%%

@article{Loskutov:1976,
title = {Nonlinear electrodynamics in a superstrong magnetic field},
journal = {Phys. Lett. A},
volume = {56},
number = {3},
pages = {151--152},
year = {1976},
author = {Yu.M. Loskutov and V.V. Skobelev},
}

@article{Schwinger:1951,
  title = {On Gauge Invariance and Vacuum Polarization},
  author = {Schwinger, Julian},
  journal = {Phys. Rev.},
  volume = {82},
  issue = {5},
  pages = {664--679},
  year = {1951},
  publisher = {American Physical Society},
}

@article{Tsai:1974,
      author         = "Tsai, W. -Y.",
      title          = "{Vacuum polarization in homogeneous magnetic fields}",
      journal        = "Phys. Rev. D",
      volume         = "10",
      year           = "1974",
      number         = "8",
      pages          = "2699--2702",
}

@article{Skobelev:1975,
      author         = "Скобелев, В. В.",
      title          = "{Поляризационный оператор фотона в сверхсильном магнитном поле}",
      journal        = "{Изв. вузов. Физика}",
      year           = "{1975}",
      number         = "{10}",
      pages          = "{142--143}",
      language     = {russian}      
}

@ARTICLE{Melrose:1983III,
       author = {{Melrose}, D.~B. and {Parle}, A.~J.},
        title = "{Quantum Electrodynamics in Strong Magnetic Fields III. Electron-photon interactions}",
      journal = {Aust. J. Phys.},
       volume = {36},
        pages = {799--824},
	year = 1983,
}

@ARTICLE{Bussard:1986,
       author = {{Bussard}, R.~W. and {Alexander}, S.~B. and {Meszaros}, P.},
        title = "{One- and two-photon Compton scattering in strong magnetic fields}",
      journal = {Phys. Rev. D},
         year = 1986,
       volume = {34},
        pages = {440--451},
}

@article{Canuto:1971,
  title = {Thomson Scattering in a Strong Magnetic Field},
  author = {Canuto, V. and Lodenquai, J. and Ruderman, M.},
  journal = {Phys. Rev. D},
  volume = {3},
  issue = {10},
  pages = {2303--2308},
  year = {1971},
}

@article{Potekhin:2004,
	year = {2004},
	volume = {612},
	number = {2},
	pages = {1034--1043},
	author = {Alexander Y. Potekhin and Dong Lai and Gilles Chabrier and Wynn 
	C. G. Ho},
	title = {Electromagnetic Polarization in Partially Ionized Plasmas with 
	Strong Magnetic Fields and Neutron Star Atmosphere Models},
	journal = {Astrophys.~J.},
}

@ARTICLE{Daugherty:1989,
	author = {{Daugherty}, Joseph K. and {Harding}, Alice K.},
	title = "{Comptonization of Thermal Photons by Relativistic Electron Beams}",
	journal = {Astrophys. J.},
	year = 1989,
	volume = {336},
	pages = {861--874},
}

@article{Truemper1978,
	author = {{Tr\"{u}mper}, J. and {Pietsch}, W. and {Reppin}, C. and {Voges}, 
	W. 
	and {Staubert}, R. and {Kendziorra}, E.},
	title = {Evidence for strong cyclotron line emission in the hard X-ray 
	spectrum of Hercules X-1},
	year = {1978},
	journal = {Astrophys.~J.~L.},
	volume = {219},
	pages = {105--110},
}

@article{Makishima1990,
	author = {{Makishima}, K. and {Mihara}, T. and {Ishida}, M. and et al.},
	title = {Discovery of a prominent cyclotron absorption feature from the 
	transient X-ray pulsar X0331 + 53},
	year = {1990},
	journal = {Astrophys.~J.~L.},
	volume = {365},
	pages = {59--62},
}

@article{Grove1995,
	author = {{Grove}, J.~E. and {Strickman}, M.~S. and {Johnson}, W.~N. and et 
	al.},
	title = {The soft gamma-ray spectrum of A0535+26: Detection of an 
	absorption feature at 110 keV by OSSE},
	year = {1995},
	journal = {Astrophys.~J.~L.},
	volume = {438},
	pages = {25--28},
}

@article{Wheaton1979,
	author = {{Wheaton}, Wm.~A. and {Doty}, J.~P. and {Primini},F.~A. and et 
	al.},
	title = {An absorption feature in the spectrum of the pulsed hard X-ray 
	flux from 4U0115 + 63},
	year = {1979},
	journal = {Nature},
	volume = {282},
	pages = {240--243},
}

@article{Borner1979,
	author = {{Borner}, G. and {M$\acute{e}$sz$\acute{a}$ros}, P.},
	title = {Classical calculation of Thomson cross-sections in the presence of a 
	strong magnetic field},
	year = {1979},
	journal = {Plasma Phys.},
	volume = {21},
	number = {4},
	pages = {357--367},
}

@article{Ventura:1979,
	author = {{Ventura}, J.},
	title = {Scattering of light in a strongly magnetized plasma},
	year = {1979},
	journal = {Phys. Rev. D},
	volume = {19},
	pages = {1684--1695},
}

@article{Gnedin1973,
	author = {{Гнедин}, Ю.~Н. and {Сюняев}, Р.~А.},
	title = {Рассеяние излучения на тепловых электронах в магнитном поле},
	year = {1973},
	journal = {ЖЭТФ},
	volume = {65},
	number = {1},
	pages = {102--116},
	language = {russian},
}

@article{Mihara:1990,
	author = {Mihara, T. and Makishima, K. and Ohashi, T. and Sakao, T. and Tashiro, M. and Nagase, F. and Tanaka, Y. and Kitamoto, S. and Miyamoto, S. and Deeter, J. E. and Boynton, P. E.},
	title = {New observations of the cyclotron absorption feature in Hercules X–1},
	year = {1990},
	journal = {Nature},
	volume = {346},
	pages = {250--252},
}

@ARTICLE{Melrose:1976,
	author = {{Melrose}, D.~B. and {Stoneham}, R.~J.},
	title = "{Vacuum polarization and photon propagation in a magnetic field}",
	journal = {Nuovo Cimento A Serie},
	year = 1976,
	volume = {32},
	number = {4},
	pages = {435--447}
}

@article{Urrutia:1977,
	title = {Vacuum polarization in parallel homogeneous electric and magnetic fields},
	author = {Urrutia, L. F.},
	journal = {Phys. Rev. D},
	volume = {17},
	issue = {8},
	pages = {1977--1984},
	year = {1978}
}

@ARTICLE{Karbstein:2013,
	author = {{Karbstein}, Felix},
	title = "{Photon polarization tensor in a homogeneous magnetic or electric field}",
	journal = {Phys. Rev. D},
	year = 2013,
	volume = {88},
	number = {8, 085033}
}

@ARTICLE{Schubert:2000,
	author = {{Schubert}, Christian},
	title = "{Vacuum polarisation tensors in constant electromagnetic fields: Part I}",
	journal = {Nuclear Physics B},
	year = 2000,
	volume = {585},
	number = {1},
	pages = {407--428}
}

@ARTICLE{Hattori:2013,
	author = {{Hattori}, Koichi and {Itakura}, Kazunori},
	title = "{Vacuum birefringence in strong magnetic fields: (I) Photon polarization tensor with all the Landau levels}",
	journal = {Annals of Physics},
	year = 2013,
	volume = {330},
	pages = {23--54},
}

@ARTICLE{Schwarm:2017,
       author = {{Schwarm}, F. -W. and {Sch{\"o}nherr}, G. and {Falkner}, S. and {Pottschmidt}, K. and {Wolff}, M.~T. and {Becker}, P.~A. and {Sokolova-Lapa}, E. and {Klochkov}, D. and {Ferrigno}, C. and {F{\"u}rst}, F. and {Hemphill}, P.~B. and {Marcu-Cheatham}, D.~M. and {Dauser}, T. and {Wilms}, J.},
        title = "{Cyclotron resonant scattering feature simulations. I. Thermally averaged cyclotron scattering cross sections, mean free photon-path tables, and electron momentum sampling}",
      journal = {Astronomy ${\&}$ Astrophysics},
     keywords = {X-rays: binaries, stars: neutron, methods: numerical, Astrophysics - High Energy Astrophysical Phenomena},
         year = 2017,
       volume = {597},
        number = {A3},
}

{SchwarmD:2017,
	title    = {Monte Carlo Simulation of Cyclotron Lines in Strong Magnetic Fields - Theory and Application},
	school   = {Friedrich-Alexander-Universit\"{a}t Erlangen-N?rnberg},
	author   = {Schwarm, Fritz-Walter},
	year     = {2017}, %other attributes omitted
}

@article{Ozel:2001,
year = {2001},
volume = {563},
number = {1},
pages = {276},
author = {Feryal {\"O}zel},
title = {Surface Emission Properties of Strongly Magnetic Neutron Stars},
journal = {Astrophys. J.},
}

@ARTICLE{Zavlin:1996,
       author = {{Zavlin}, V.~E. and {Pavlov}, G.~G. and {Shibanov}, Yu. A.},
        title = "{Model neutron star atmospheres with low magnetic fields. I. Atmospheres in radiative equilibrium.}",
      journal = {Astronomy ${\&}$ Astrophysics},
         year = 1996,
       volume = {315},
        pages = {141--152},
}

@ARTICLE{Lyubarsky:2002,
       author = {{Lyubarsky}, Y.~E.},
        title = "{On the X-ray spectra of soft gamma repeaters}",
      journal = {Mon. Not. Roy.  Astron. Soc.},
         year = 2002,
       volume = {332},
       number = {1},
        pages = {199--204},
}

@ARTICLE{Ho:2001,
       author = {{Ho}, Wynn C.~G. and {Lai}, Dong},
        title = "{Atmospheres and spectra of strongly magnetized neutron stars}",
      journal = {Mon. Not. Roy.  Astron. Soc.},
         year = 2001,
       volume = {327},
       number = {4},
        pages = {1081--1096},
}

@ARTICLE{Lyutikov:2006,
       author = {{Lyutikov}, Maxim and {Gavriil}, Fotis P.},
        title = "{Resonant cyclotron scattering and Comptonization in neutron star magnetospheres}",
      journal = {Mon. Not. Roy.  Astron. Soc.},
         year = 2006,
       volume = {368},
       number = {2},
        pages = {690--706},
}

@ARTICLE{Nishimura:2008,
       author = {{Nishimura}, Osamu},
        title = "{Formation Mechanism for Broad and Shallow Profiles of Cyclotron Lines in Accreting X-Ray Pulsars}",
      journal = {Astrophys. J.},
         year = 2008,
       volume = {672},
       number = {2},
        pages = {1127--1136}
}

@ARTICLE{Alexander:1991,
       author = {{Alexander}, S.~G. and {Meszaros}, P.},
        title = "{Cyclotron Harmonics in Accreting Pulsars and Gamma-Ray Bursters: Effect of Two-Photon Processes}",
      journal = {Astrophys. J.},
         year = 1991,
       volume = {372},
        pages = {565--572},
}

@ARTICLE{Schonherr:2007,
       author = {{Sch{\"o}nherr}, G. and {Wilms}, J. and {Kretschmar}, P. and {Kreykenbohm}, I. and {Santangelo}, A. and {Rothschild}, R.~E. and {Coburn}, W. and {Staubert}, R.},
        title = "{A model for cyclotron resonance scattering features}",
      journal = {Astronomy ${\&}$ Astrophysics},
         year = 2007,
       volume = {472},
       number = {2},
        pages = {353--365},
}

@ARTICLE{Suleimanov:2009,
       author = {{Suleimanov}, V. and {Potekhin}, A.~Y. and {Werner}, K.},
        title = "{Models of magnetized neutron star atmospheres: thin atmospheres and partially ionized hydrogen atmospheres with vacuum polarization}",
      journal = {Astronomy ${\&}$ Astrophysics},
         year = 2009,
       volume = {500},
       number = {2},
        pages = {891--899},
}

@article{Nobili:2008,
    author = {Nobili, L. and Turolla, R. and Zane, S.},
    title = "{X-ray spectra from magnetar candidates – II. Resonant cross-sections for electron–photon scattering in the relativistic regime}",
    journal = {Mon. Not. Roy.  Astron. Soc.},
    volume = {389},
    number = {2},
    pages = {989--1000},
    year = {2008}
}

@ARTICLE{Beloborodov:2013,
       author = {{Beloborodov}, Andrei M.},
        title = "{On the Mechanism of Hard X-Ray Emission from Magnetars}",
      journal = {Astrophys. J.},
         year = 2013,
       volume = {762, 13},
       number = {1}
}

@article{D.Ryu:2012,
   author = {{Ryu}, D. and {Schleicher}, D.~R.~G. and {Treumann}, R.~A. and 
	{Tsagas}, C.~G. and {Widrow}, Lett.~M.},
   title = "{Magnetic fields in the large-scale structure of the universe}",
   journal = {Space. Sci. Rev.},
   year = 2012,
   volume = 166,
   pages = {1-35},
}

@ARTICLE{Rea:2008,
       author = {{Rea}, N. and {Zane}, S. and {Turolla}, R. and {Lyutikov}, M. and {G{\"o}tz}, D.},
        title = "{Resonant Cyclotron Scattering in Magnetars' Emission}",
      journal = {Astrophys. J.},
     keywords = {radiation mechanisms: non-thermal, stars: magnetic fields, stars: neutron, X-rays: individual: 4U 0142+614 1RXS J1708{\textendash}4009 1E 1841{\textendash}045 1E 2259+586 1E 1048{\textendash}5937 XTE J1810{\textendash}197 1E 1547.0{\textendash}5408 CXOU J1647{\textendash}4552 SGR 1806{\textendash}20 SGR 1900+14, Astrophysics},
         year = 2008,
       volume = {686},
       number = {2},
        pages = {1245--1260},
}

@ARTICLE{Medin:2007,
       author = {{Medin}, Zach and {Lai}, Dong},
        title = "{Condensed surfaces of magnetic neutron stars, thermal surface emission, and particle acceleration above pulsar polar caps}",
      journal = {Mon. Not. Roy.  Astron. Soc.},
         year = 2007,
       volume = {382},
       number = {4},
        pages = {1833--1852},
}

@article{Boyan,
  title = {Fermion damping in a fermion-scalar plasma},
  author = {Boyanovsky, D. and de Vega, H. J. and Lee, D.-S. and Ng, Y. J. and Wang, S.-Y.},
  journal = {Phys. Rev. D},
  volume = {59},
  number = {10, 105001},
  year = {1999}
}


@article{Wadiasingh:2018,
      author         = "Wadiasingh, Zorawar and Baring, Matthew G. and Gonthier,
                        Peter Lett. and Harding, Alice K.",
      title          = "{Resonant Inverse Compton Scattering Spectra from
                        Highly-magnetized Neutron Stars}",
      journal        = "Astrophys. J.",
      volume         = "854",
      year           = "2018",
      number         = "2, 98"
}

@article{Quinn:1977,
      author         = "Peccei, R. D. and Quinn, Helen R.",
      title          = "{Constraints imposed by CP conservation in the presence
                        of instantons}",
      journal        = "Phys. Rev. D",
      volume         = "16",
      year           = "1977",
      pages          = "1791--1797",
}


@BOOK{Raffelt:1996,
  author       = {Raffelt, G. G.},
  title        = {Stars as laboratories for fundamental physics},
  publisher    = {University of Chicago Press},
  address      = {Chicago},
  year         = {1996},
  numpages        = {664},
}

@BOOK{Akhiezer:1965,
  author       = {А. И. Ахиезер and В. Б. Берестецкий},
  title        = {Квантовая электродинамика},
  publisher    = {Физматгиз},
  address      = {Москва},
  year         = {1959},
  numpages        = {656},
  language     = {russian},
}

@article{Poutanen:1954,
      author         = "Poutanen, J. ",
      title          = "{Rosseland and Flux Mean Opacities for Compton Scattering}",
      journal        = "Astrophys. J.",
      volume         = "{835--119}",
      year           = "{2017}",
      number         = "{2}",     
}

%%%%%%%%%%%%%%%%%%%%%%%%%%%%%%%%%%%%%%%%%%%%%%%%%%%%%%%%%%%%%%%%%%%%%%%%%%%%%%%%%%%%%%%%%%%%%%%%%%%%
%
%                    Chapter 2
%
%%%%%%%%%%%%%%%%%%%%%%%%%%%%%%%%%%%%%%%%%%%%%%%%%%%%%%%%%%%%%%%%%%%%%%%%%%%%%%%%%%%%%%%%%%%%%%%%%%%%

@book{Landau:2001,
  title={Теоретическая физика: ч. 2. Статистическая физика. Теория конденсированного состояния},
  author={Ландау, Л.~Д. and Лифшиц, Е.~М. and Питаевский, Л.~П.},
volume = {IX},
numpages = {496},
  year={2001},
  publisher={Физматлит},
language = {russian},
}

@article{Sturrock:1971,
      author         = "Sturrock, C. A.",
      title          = "{A model of pulsars}",
      journal        = "Astrophys. J.",
      volume         = "164",
      year           = "1971",
      pages          = "529--556",
}

@article{Tademaru:1973,
      author         = "Tademaru, E.",
      title          = "{On the energy spectrum of relativistic electrons in the crab nebula}",
      journal        = "Astrophys. J.",
      volume         = "183",
      year           = "1973",
      pages          = "625--635",
}

@article{Daugherty:1983,
      author         = "Daugherty, J. K.",
      title          = "{Pair production in superstrong magnetic fields}",
      journal        = "Astrophys. J.",
      volume         = "273",
      year           = "1983",
      pages          = "761--773",
}

%%%%%%%%%%%%%%%%%%%%%%%%%%%%%%%%%%%%%%%%%%%%%%%%%%%%%%%%%%%%%%%%%%%%%%%%%%%%%%%%%%%%%%%%%%%%%%%%%%%%
%
%                    Chapter 3
%
%%%%%%%%%%%%%%%%%%%%%%%%%%%%%%%%%%%%%%%%%%%%%%%%%%%%%%%%%%%%%%%%%%%%%%%%%%%%%%%%%%%%%%%%%%%%%%%%%%%%
@article{Kaminker:1982,
      author         = "Kaminker, A.~D. and Pavlov, G.~G. and Shibanov, YU.~A.",
      title          = "{Radiation from a strongly-magnetized plasma: the case of predominant scattering}",
      journal        = "Astrophys. Space Sci.",
      volume         = "86",
      year           = "1982",
      number = "2",
      pages          = "249--297",
}

@ARTICLE{Meszaros:1983,
       author = {{Meszaros}, P. and {Harding}, A.~K. and {Kirk}, J.~G. and {Galloway}, D.~J.},
        title = "{Accreting X-ray pulsar atmospheres heated by Coulomb deceleration of protons}",
      journal = {Astrophys.~J.~L.},
         year = 1983,
       volume = {266},
        pages = {33--37},
}

@ARTICLE{Harding:1984,
       author = {{Harding}, A.~K. and {Meszaros}, P. and {Kirk}, J.~G. and {Galloway}, D.~J.},
        title = "{Self-consistent models for Coulomb-heated X-ray pulsar atmospheres.}",
      journal = {Astrophys. J.},
         year = 1984,
       volume = {278},
        pages = {369--381},
}

@article{Mustukov:2021,
    author = {Mushtukov, Alexander A and Suleimanov, Valery F and Tsygankov, Sergey S and Portegies Zwart, Simon},
    title = "{Spectrum formation in X-ray pulsars at very low mass accretion rate: Monte Carlo approach}",
    journal = {Mon. Not. Roy.  Astron. Soc.},
    volume = {503},
    number = {4},
    pages = {5193--5203},
    year = {2021},
}

@article{Taverna:2014,
    author = "Taverna, Roberto and Muleri, Fabio and Turolla, Roberto and Soffitta, Paolo and Fabiani, Sergio and Nobili, Luciano",
    title = "{Probing magnetar magnetosphere through X-ray polarization measurements}",
    journal = "Mon. Not. Roy. Astron. Soc.",
    volume = "438",
    number = "2",
    pages = "1686--1697",
    year = "2014"
}

@article{Fernandez:2011,
      author         = "Fernandez,  R and Davis, S.~W.",
      title          = "{The X-ray polarization signature of quiescent magnetars: effect of magnetospheric scattering and vacuum polarization}",
      journal        = "Astrophys. J.",
      volume         = "730",
      year           = "2011",
	number = "2, 131"
}

@ARTICLE{Alexander:1989,
       author = {{Alexander}, S.~G. and {Meszaros}, P. and {Bussard}, R.~W.},
        title = "{The Nonlinear Transfer Problem in Accreting Pulsars: Stimulated Scattering Effects}",
      journal = {Astrophys. J.},
         year = 1989,
       volume = {342},
        pages = {928--933},
}

@ARTICLE{Basko:1975,
       author = {{Basko}, M.~M. and {Sunyaev}, R.~A.},
        title = "{Radiative transfer in a strong magnetic field and accreting X-ray pulsars.}",
      journal = {Astronomy ${\&}$ Astrophysics},
         year = 1975,
       volume = {42},
       number = {3},
        pages = {311--321},
}

@ARTICLE{Basko:1976,
       author = {{Basko}, M.~M. and {Sunyaev}, R.~A.},
        title = "{The limiting luminosity of accreting neutron stars with magnetic fields.}",
      journal = {Mon. Not. Roy.  Astron. Soc.},
         year = 1976,
       volume = {175},
        pages = {395--417},
}


@article{Yahel:1979,
      author         = "Yahel, R.~Z.",
      title          = "{Cyclotron line formation in the atmosphere of a mgnetized neutron star}",
      journal        = "Astrophys.~J.~L.",
      volume         = "229",
      year           = "1979",
      pages          = "73--79",
}

@ARTICLE{Nagel:1981,
       author = {{Nagel}, W.},
        title = "{Radiative transfer in a strongly magnetized plasma. I - Effects of anisotropy. II - Effects of Comptonization}",
      journal = {Astrophys. J.},
         year = 1981,
       volume = {251},
        pages = {278--296},
}

@article{Kompaneets:1957,
	author = {Компанеец, А.~С.},
	title ="{Об установлении теплового равновесия между квантами и электронами}",
	journal = {ЖЭТФ},
	year = 1957,
	volume = {31},
	number = {5},
	language = {russian}
}


@article{Lubarsky:1988,
	author = "Любарский, Ю.~Э.",
	title ="{Комптонизация в сверхсильном магнитном поле.~I}",
	journal = {Астрофизика},
	year = 1988,
	volume = {28},
	number = {1},
	language = {russian}
}

@BOOK{Walt:2005,
	author = {{Walt}, Martin},
	title = "{Introduction to Geomagnetically Trapped Radiation}",
	year = 2005,
	adsurl = {https://ui.adsabs.harvard.edu/abs/2005igtr.book.....W},
	adsnote = {Provided by the SAO/NASA Astrophysics Data System}
}

%%%%%%%%%%%%%%%%%%%%%%%%%%%%%%%%%%%%%%%%%%%%%%%%%%%%%%%%%%%%%%%%%%%%%%%%%%%%%%%%%%%%%%%%%%%%%%%%%%%%
%
%                   Application
%
%%%%%%%%%%%%%%%%%%%%%%%%%%%%%%%%%%%%%%%%%%%%%%%%%%%%%%%%%%%%%%%%%%%%%%%%%%%%%%%%%%%%%%%%%%%%%%%%%%%%

@article{Ritus:1969,
	author = "Ритус, В.И.",
	title = "{Радиационные эффекты и их усиление в интенсивном электромагнитном поле}",
	journal = "{ЖЭТФ}",
	volume = "57",
	year = "1969",
	number = "6",
	pages = "2176--2188",
	language = "russian",
}

@ARTICLE{Kaminker:1992a,
   author = {{Kaminker}, A.~D. and {Levenfish}, K.~P. and {Yakovlev}, D.~G. and 
	{Amsterdamski}, P. and {Haensel}, P.},
    title = "{Neutrino emissivity from e$^{-}$ synchrotron and e$^{-}$e$^{+}$ annihilation processes in a strong magnetic field: General formalism and nonrelativistic limit}",
  journal = {Phys. Rev. D},
     year = 1992,
   volume = "{46}",
    pages = {3256--3264},
}

@article{Ritus:1978,
      author         = "Ритус, В. И.",
      title          = "{Метод собственных функций и массовый оператор в квантовой электродинамике постоянного поля}",
      journal        = "ЖЭТФ",
      volume         = "{78}",
      year           = "{1975}",
      number         = "{2}",
      pages          = "{1560--1583}",
      language     = {russian}      
}

@article{Mihalas:1985,
title = {The computation of radiation transport using feautrier variables I. Static media},
journal = {J. Comput. Phys.},
volume = {57},
number = {1},
pages = {1--25},
year = {1985},
author = {Dimitri Mihalas},
}

@BOOK{Mihalas:1978,
       author = {{Mihalas}, Dimitri},
        title = "{Stellar atmospheres}",
         year = 1978,
}

@ARTICLE{Meszaros:1985,
       author = {{Meszaros}, P. and {Nagel}, W.},
        title = "{X-ray pulsar models. II. Comptonized spectra and pulse shapes.}",
      journal = {Astrophys. J.},
         year = 1985,
       volume = {299},
        pages = {138--153},
}

@ARTICLE{Nishimura:2015,
       author = {{Nishimura}, Osamu},
        title = "{Properties of cyclotron lines in a line-forming region injected by an anisotropic continuum in accreting X-ray pulsars}",
      journal = {Astrophys. J.},
         year = 2015,
       volume = {807},
       number = {2, 164}
}

%%%%%%%%%%%%%%%%%%%%%%%%%%%%%%%%%%%%%%%%%%%%%%%%%%%%%%%%%%%%%%%%%%%%%%%%%%%%%%%%%%%%%%%%%%%%%%%%%%%%
%
%                    My papers
%
%%%%%%%%%%%%%%%%%%%%%%%%%%%%%%%%%%%%%%%%%%%%%%%%%%%%%%%%%%%%%%%%%%%%%%%%%%%%%%%%%%%%%%%%%%%%%%%%%%%%

@article{YarkovPhotDampPAN:2022,
      author         = "Yarkov, A.~A. and Rumyantsev, D.~A.",
      title          = "{Photon Damping in a Strongly Magnetized Plasma}",
      journal      = "{Physics of Atomic Nuclei}",
      volume = "{85}",
      year           = "2022",
     number = "9",
	pages = "{1566--1569}",
      language     = {english} 
}


@article{YarkovJoPCSComp:2020,
      author         = "Chistyakov, M.~V. and Rumuyantsev, D.~A. and Yarkov, A.~A.  ",
      title          = "{Effect of a strongly magnetized plasma on the resonant photon scattering process}",
      journal      = "{J. Phys.: Conf. Ser.}",
      publisher      = {IOP Publishing},
      year           = "2020",
      volume = "1690, 012015",
      language     = {english}      
}

@article{YarkovPhotFE:2023,
      author         = "Ярков, A.~A. and Румянцев, Д.~A.",
      title          = "{Решение кинетического уравнения с учетом резонанса в комптоновском процессе в замагниченной среде}",
      journal      = "{Письма в ЭЧАЯ}",
      volume = "{20}",
      year           = "2023",
     number = "3(248)",
	pages = "{422--427}",
      language     = {russian} 
}

@article{YarkovRadTransf:2023,
      author         = "Yarkov, A.~A. and Rumyantsev, D.~A.",
      title          = "{Radiation Transfer in a Strong Magnetic Field with Resonance Effects
Taken into Account}",
      journal      = "{Physics of Atomic Nuclei}",
      volume = "{80}",
      year           = "2023",
     number = "5",
	pages = "{890--893}",
      language     = {english} 
}

@inproceedings{YarkovYaGTU:2020,
      author         = "Ярков, А.~А. and Румянцев, Д.~А. and Чистяков, М.~В.",
      title          = "{Учет конечной ширины поглощения электрона в комптоноподобном процессе в замагниченной среде }",
      booktitle      = "{Сборник материалов 73-й Всероссийской научно-технической конференции студентов, магистрантов и аспирантов высших учебных заведений с международным участием.}",
      publisher      = {Ярославский государственный технический университет},
      year           = "2020",
      pages          = "335--339",
      language     = {russian}      
}

@article{Rumyantsev:2017,
      author         = "Румянцев, Д. А. and Шленев, Д. М. and Ярков, А. А.",
      title          = "{Резонансы в комптоноподобных процессах рассеяния  во внешней замагниченной среде}",
      journal        = "ЖЭТФ.",
      volume         = "{152}",
      year           = "{2017}",
      number         = "{3}",
      pages          = "{483-494}",
      language     = {russian}      
}

@article{YarkovJoPCSDamp:2020,
      author         = "Chistyakov, M.~V. and Rumuyantsev, D.~A. and Yarkov, A.~A.  ",
      title          = "{Photon damping in a strongly magnetized plasma}",
      journal      = "{J. Phys.: Conf. Ser.}",
      publisher      = {IOP Publishing},
      year           = "2020",
	volume = "1690",
      pages          = "012008",
      language     = {english}      
}

@article{YarkovYargu:2020,
	author         = "Ярков, А.~А.",
	title          = "{Влияние сильно замагниченной плазмы на процесс резонансного рассеяния фотона}",
	journal      = "{Физика, техника и технология сложных систем}",
	publisher      = {ЯрГУ им. П.Г. Демидова},
	year           = "2020",
	pages          = "73",
	language     = {russian}      
}

@inproceedings{KMU_2018,
	author         = "Ярков, А.~А. and Румянцев, Д.~А.  ",
	title          = "{Учёт конечной ширины поглощения электрона в комптоновском процессе в замагниченной среде}",
	booktitle      = "{XV конференция молодых ученых  
	``Фундаментальные и прикладные космические исследования''}",
	publisher      = {М.: ИКИ РАН},
	year           = "2018",
	pages          = "133",
	language     = {russian}      
}

@Article{KuzMih:2000,
  author   = {Кузнецов, А. В. and Михеев, М. В.},
  journal  = {ЖЭТФ},
  title    = {{Взаимодействие нейтрино с сильно замагниченной электрон-позитронной плазмой}},
  year     = {{2000}},
  number   = {{4}},
  pages    = {{863--876}},
  volume   = {{118}},
  language = {russian},
}

@article{Lyutikov:2002,
      author         = "Thompson, C. and Lyutikov, M. and Kulkarni, S. R.",
      title          = "{Electrodynamics of magnetars: implications for the
                        persistent x-ray emission and spindown of the soft gamma
                        repeaters and anomalous x-ray pulsars}",
      journal        = "Astrophys. J.",
      volume         = "574",
      number         = 1,
      year           = "2002",
      pages          = "332--355",
}


@article{Kuznetsov:2015,
      author         = "Kuznetsov, A. V. and Rumyantsev, D. A. and Shlenev, D.
                        M.",
      title          = "{Generalized two-point tree-level amplitude $j f \to 
                        j'f'$ in a magnetized medium}",
      journal        = "Int. J. Mod. Phys.",
      volume         = "A30",
      year           = "2015",
      number         = "11, 1550049"
}


@article{Philippov_2020,
   author={Philippov, A. and Timokhin, A. and Spitkovsky, A.},
   title={Origin of Pulsar Radio Emission},
   journal={Phys. Rev. Lett.},
   volume={124},
   year={2020},
   number={24, 245101}
}

@article{Shabad:1988,
  author       = {Шабад, А. Е.},
  title        = {Поляризация вакуума и квантового релятивистского газа  во внешнем поле},
  journal        = "Тр. ФИАН СССР ``Поляризационные эффекты во внешних калибровочных полях''",
  publisher    = {Наука},
  address      = {Москва},
  year         = {1988},
  volume         = "{192}",
  pages        = {5--152},
  language     = {russian},
}


@article{Borovkov:1999,
      author         = "Боровков, М. Ю. and Кузнецов, А. В. and Михеев, Н. В.",
      title          = "{Однопетлевая амплитуда перехода $j \to f \bar f \to j'$ во внешнем электромагнитном поле}",
      journal        = "Ядерная физика",
      volume         = "{62}",
      year           = "{1999}",
      number         = "{9}",
      pages          = "{1714--1722}",
      language     = {russian}      
}




@ARTICLE{Harding:1986,
   author = {Daugherty, J. K. and Harding, A. K.},
    title = "{Compton scattering in strong magnetic fields}",
  journal = {Astrophys.~J.},
     year = 1986,
   volume = 309,
    pages = {362--371},
}


@ARTICLE{Bulik:1997,
   author = {{Bulik}, T. and {Miller}, M.~C.},
    title = "{Spectral effects of the vacuum resonance in soft gamma-ray repeaters}",
  journal = {Mon. Not. Roy. Astron. Soc.},
     year = 1997,
   volume = 288,
   number = 3,
    pages = {596--608},
}



@article{Mushtukov:2016,
      author         = "Mushtukov, Alexander A. and Nagirner, Dmitrij I. and
                        Poutanen, Juri",
      title          = "{Compton scattering S-matrix and cross section in strong
                        magnetic field}",
      journal        = "Phys. Rev. D",
      volume         = "93",
      year           = "2016",
      number         = "10, 105003"
}

@article{Rumyantsev:2012,
      author         = "Chistyakov, M. V. and Rumyantsev, D. A. and Stus', N. S.",
      title          = "{Photon splitting and Compton scattering in strongly
                        magnetized hot plasma}",
      journal        = "Phys. Rev. D",
      volume         = "86",
      year           = "2012",
      number		 = "4, 043007"
}

@article{Kuznetsov:2011,
      author         = "Kuznetsov, A. V. and Okrugin, A. A.",
      title          = "{The exact electron propagator in a magnetic field as the
                        sum over landau levels on a basis of the Dirac equation
                        exact solutions}",
      journal        = "Int. J. Mod. Phys.",
      volume         = "A26",
      year           = "2011",
      pages          = "2725--2733",
}

@article{Chistyakov:2009,
      author         = "Chistyakov, M. V. and Rumyantsev, D. A.",
      title          = "{Compton effect in strongly magnetized plasma}",
      journal        = "Int. J. Mod. Phys.",
      volume         = "A24",
      year           = "2009",
      pages          = "3995--4008",
}

@article{Olausen:2014,
      author         = "Olausen, S. A. and Kaspi, V. M.",
      title          = "{The McGill magnetar catalog}",
      journal        = "Astrophys. J. Suppl.",
      volume         = "212, 6",
      number         = "1",
      year           = "2014"
}

@article{D.Ryu:2012,
   author = {{Ryu}, D. and {Schleicher}, D.~R.~G. and {Treumann}, R.~A. and 
	{Tsagas}, C.~G. and {Widrow}, L.~M.},
   title = "{Magnetic fields in the large-scale structure of the universe}",
   journal = {Space Science Reviews},
   year = 2012,
   volume = 166,
   number = "1--4",
   pages = {1--35},
}


@article{Thompson:1995,
   author = {{Thompson}, C. and {Duncan}, R.~C.},
    title = "{The soft gamma repeaters as very strongly magnetized neutron stars - I. Radiative mechanism for outbursts}",
  journal = {Mon. Not. Roy.  Astron. Soc.},
     year = 1995,
   volume = 275,
    pages = {255--300},
}

@article{Goldreich:1969,
   author = {{Goldreich}, P. and {Julian}, W.~H.},
    title = "{Pulsar electrodynamics}",
  journal = {Astrophys. J.},
     year = 1969,
   volume = 157,
    pages = {869--880},
}

@article{Latal:1986,
   author = {{Latal}, H.~G.},
    title = "{Cyclotron radiation in strong magnetic fields}",
  journal = {Astrophys. J.},
     year = 1986,
   volume = 309,
    pages = {372--382},
}

@article{Peccei:1977,
      author         = "Peccei, R. D. and Quinn, Helen R.",
      title          = "{Constraints imposed by CP conservation in the presence
                        of instantons}",
      journal        = "Phys. Rev. D",
      volume         = "16",
      year           = "1977",
      pages          = "1791--1797",
}

@book{Raffelt:1995,
  author       = {Raffelt, G. G.},
  title        = {Stars as laboratories for fundamental physics},
  publisher    = {University of Chicago Press},
  address      = {Chicago},
  year         = {1996},
  numpages        = {664},
}

@book{Berestezkyi:1969,
 author       = {А. И. Ахиезер and В. Б. Берестецкий},
  title        = {Квантовая электродинамика},
  publisher    = {Физматгиз},
  address      = {Москва},
  year         = {1959},
  numpages        = {656},
  language     = {russian},
}

@article{Melrose:1983,
      author         = "Melrose, D. B. and Parle, A. J.",
      title          = "{Quantum electrodynamics in strong magnetic fields. I Electron States}",
      journal        = "Aust. J. Phys.",
      volume         = "36",
      year           = "1983",
      pages          = "755--774",
}

@article{Borisov:1997,
      author         = "Борисов, А. В. and Вшивцев, А. С. and Жуковский, В Ч. and Эминов, П. А.",
      title          = "{Фотоны и лептоны во внешних полях при конечных температуре и плотности}",
      journal        = "УФН",
      volume         = "{167}",
      year           = "{1997}",
      number         = "{3}",
      pages          = "{241--267}",
      language     = {russian}      
}

@article{Zhukovski:1994,
      author         = "Жуковский, В. Ч. and Мидодашвили, П. Г. and Эминов, П. А.",
      title          = "{Мнимая часть массового оператора электрона в постоянном поле при конечной температуре и плотности}",
      journal        = "ЖЭТФ",
      volume         = "{106}",
      year           = "{1994}",
      number         = "{4}",
      pages          = "{929--935}",
      language     = {russian}      
}


@article{Klepikov:1954,
      author         = "Клепиков, Н. П. ",
      title          = "{Излучение фотонов и электрон-позитронных пар в магнитном поле}",
      journal        = "ЖЭТФ",
      volume         = "{26}",
      year           = "{1954}",
      number         = "{1}",
      pages          = "{19--34}",
      language     = {russian}      
}

@article{Kaminker:1992,
   author = {{Kaminker}, A.~D. and {Gnedin}, O.~Y. and {Yakovlev}, D.~G. and 
	{Amsterdamski}, P. and {Haensel}, P.},
    title = "{Neutrino emissivity from e$^{-}$e$^{+}$ annihilation in a strong magnetic field: Hot, nondegenerate plasma}",
  journal = {Phys. Rev. D},
     year = 1992,
   volume = {46},
    pages = {4133--4139},
}

@article{MikhChist:2001,
	author         = "Михеев, Н. В. and Чистяков, М. В.",
	title          = "{Затухание фотона в результате рождения электрон-позитронной пары в сильном 
	магнитном поле}",
	journal        = "Письма в ЖЭТФ",
	volume         = "{73}",
	year           = "{2001}",
	number         = "{12}",
	pages          = "{726--730}",
	language     = {russian}   
}

@article{Rumyantsev:2017eng,
      author         = "Rumyantsev, D. A and Shlenev, D.M. and Yarkov, A.A.",
      title          = "{Resonances in Compton-Like scattering processes in an external magnetized medium}",
      journal        = "JETP",
      volume         = "125",
      year           = "2017",
      pages          = "410--419",
} 

@ARTICLE{Gonthier:2000,
       author = {{Gonthier}, Peter Lett. and {Harding}, Alice K. and {Baring}, Matthew G. and {Costello}, Rachel M. and {Mercer}, Cassandra Lett.},
        title = "{Compton Scattering in Ultrastrong Magnetic Fields: Numerical and Analytical Behavior in the Relativistic Regime}",
      journal = {Astrophys. J.},
         year = 2000,
       volume = {540},
       number = {2},
        pages = {907--922},
}

@article{Jancovici:1969,
  author = {{Jancovici}, B.},
  title = {Radiative Correction to the Ground-State Energy of an Electron in an Intense Magnetic Field},
  journal = {Phys. Rev.},
  volume = {187},
  pages = {2275--2276},
  year = {1969},
}

@article{Nagel:1981b,
      author         = "Nagel, W.",
      title          = "{Radiative Transfer in a strongly magnetized plasma. II. Effect of comptonization}",
      journal        = "Astrophys. J.",
      volume         = "251",
      year           = "1981",
      pages          = "288--296",
}

@Comment{jabref-meta: databaseType:bibtex;}
