%%%%%%%%%%%%%%%%%%%%%%%%%%%%%%%%%%%%%%%%%%%%%%%%%%%%%%%%%%%%%%%%%%%%%%%%%%%%%%%%%
%
%          Introduction
%
%%%%%%%%%%%%%%%%%%%%%%%%%%%%%%%%%%%%%%%%%%%%%%%%%%%%%%%%%%%%%%%%%%%%%%%%%%%%%%%%%

@ARTICLE{Ryu:2012,
   author = {{Ryu}, D. and {Schleicher}, D.~R.~G. and {Treumann}, R.~A. and 
	{Tsagas}, C.~G. and {Widrow}, L.~M.},
   title = "{Magnetic fields in the large-scale structure of the universe}",
   journal = {Space Science Reviews},
   year = 2012,
   volume = 166,
   number = "1-4",
   pages = {1-35},
}

@article{Bisnovatyi-Kogan:1970,
      author         = "Бисноватый-Коган, Г.С.",
      title          = "{Взрыв вращающейся звезды как механизм сверхновой}",
      journal        = "Астрон. журн.",
      volume         = "{47}",
      year           = "{1970}",
      pages          = "{813-816}",
      language     = {russian}      
}

@BOOK{Bisnovatyi-Kogan:1989,
  author       = {Г. С. Бисноватый-Коган},
  title        = {Физические вопросы теории звездной эволюции},
  publisher    = {Наука},
  address      = {Москва},
  year         = {1989},
  numpages        = {487},
  language     = {russian},
}

@article{Kouveliotou:1998ze,
      author         = "Kouveliotou, C. and others",
      title          = "{An X-ray pulsar with a superstrong magnetic field in the
                        soft gamma-ray repeater SGR 1806-20.}",
      journal        = "Nature",
      volume         = "393",
      year           = "1998",
      pages          = "235-237",
}

@article{Kouveliotou:1998fd,
      author         = "Kouveliotou, Chryssa and Strohmayer, Tod and Hurley,
                        Kevin and van Paradijs, Jan and Finger, Mark H. and
                        Dieters, Stefan and Woods, Peter and Thompson, Christopher
                        and Duncan, Robert S.",
      title          = "{Discovery of a magnetar associated with the soft gamma
                        repeater SGR 1900+14}",
      journal        = "Astrophys. J.",
      volume         = "510",
      year           = "1999",
      pages          = "L115-118",
}

@article{Gavriil:2002mc,
      author         = "Gavriil, Fotis P. and Kaspi, V. M. and Woods, P. M.",
      title          = "{Magnetar - like x-ray bursts from an anomalous x-ray
                        pulsar}",
      journal        = "Nature",
      volume         = "419",
      year           = "2002",
      pages          = "142-144",
}

@article{Ibrahim:2002zy,
      author         = "Ibrahim, Alaa I. and Swank, Jean H. and Parke, William",
      title          = "{New evidence for proton cyclotron resonance in a
                        magnetar strength field from SGR 1806-20}",
      journal        = "Astrophys. J.",
      volume         = "584",
      year           = "2003",
      pages          = "L17-L22",
}

@article{Ibrahim:2002zw,
      author         = "Ibrahim, Alaa I. and Safi-Harb, Samar and Swank, Jean H.
                        and Parke, William and Zane, Silvia",
      title          = "{Discovery of cyclotron resonance features in the soft
                        gamma repeater SGR 1806-20}",
      journal        = "Astrophys. J.",
      volume         = "574",
      year           = "2002",
      pages          = "L51-L55",
}

@article{Olausen:2013bpa,
      author         = "Olausen, S. A. and Kaspi, V. M.",
      title          = "{The McGill magnetar catalog}",
      journal        = "Astrophys. J. Suppl.",
      volume         = "212",
      number         = "1",
      year           = "2014",
      pages          = "6",
}

@ARTICLE{Duncan:1992,
   author = {{Duncan}, R.~C. and {Thompson}, C.},
    title = "{Formation of very strongly magnetized neutron stars - Implications for gamma-ray bursts}",
  journal = {Astrophys. J.},
     year = 1992,
   volume = 392,
   number = 1,
    pages = {L9-L13},
}

@ARTICLE{Thompson:1995,
   author = {{Thompson}, C. and {Duncan}, R.~C.},
    title = "{The soft gamma repeaters as very strongly magnetized neutron stars - I. Radiative mechanism for outbursts}",
  journal = {Mon. Not. Roy. Astron. Soc.},
     year = 1995,
   volume = 275,
    pages = {255-300},
}

@ARTICLE{Duncan:1996,
   author = {{Thompson}, C. and {Duncan}, R.~C.},
    title = "{The soft gamma repeaters as very strongly magnetized neutron stars. II. Quiescent neutrino, X-Ray, and Alfven wave emission}",
  journal = {Astrophys. J.},
     year = 1996,
   volume = 473,
    pages = {322-342},
}

@ARTICLE{Thompson:2001,
   author = {{Thompson}, C. and {Duncan}, R.~C.},
    title = "{The giant flare of 1998 august 27 from SGR 1900+14. II. Radiative mechanism and physical constraints on the source}",
  journal = {Astrophys. J.},
     year = 2001,
   volume = 561,
   number = 2,
    pages = {980-1005},
}

@article{Lyutikov:2002,
      author         = "Thompson, C. and Lyutikov, M. and Kulkarni, S. R.",
      title          = "{Electrodynamics of magnetars: implications for the
                        persistent x-ray emission and spindown of the soft gamma
                        repeaters and anomalous x-ray pulsars}",
      journal        = "Astrophys. J.",
      volume         = "574",
      number         = 1,
      year           = "2002",
      pages          = "332-355",
}

@ARTICLE{GJ:1969,
   author = {{Goldreich}, P. and {Julian}, W.~H.},
    title = "{Pulsar electrodynamics}",
  journal = {Astrophys. J.},
     year = 1969,
   volume = 157,
    pages = {869-880},
}

@ARTICLE{Beloborodov:2007,
   author = {{Beloborodov}, A.~M. and {Thompson}, C.},
    title = "{Corona of magnetars}",
  journal = {Astrophys. J.},
     year = 2007,
   volume = 657,      
   number = 2,
    pages = {967-993},
}

@ARTICLE{Yakovlev2000,
   author = {{Yakovlev}, D.~G. and {Kaminker}, A.~D. and {Gnedin}, O.~Y. and 
	{Haensel}, P.},
    title = "{Neutrino emission from neutron stars}",
  journal = {Phys. Rep.},
     year = 2001,
   volume = 354,
    pages = {1-155},
}

@ARTICLE{Lai:2001,
   author = {{Lai}, D.},
    title = "{Matter in strong magnetic fields}",
  journal = {Reviews of Modern Physics},
     year = 2001,
   volume = 73,
   number = 3,
    pages = {629-662},
}

@article{Harding:2006qn,
      author         = "Harding, Alice K. and Lai, Dong",
      title          = "{Physics of strongly magnetized neutron stars}",
      journal        = "Rept. Prog. Phys.",
      volume         = "69",
      year           = "2006",
      pages          = "2631-2724",
}

@BOOK{KM_Book_2003,
  author       = {Kuznetsov, A. V. and Mikheev, N. V.},
  title        = {Electroweak processes in external electromagnetic fields},
  publisher    = {Springer-Verlag},
  address      = {New York},
  year         = {2003},
  numpages        = {120},
}

@article{KM_Book_2013,
      author         = "Kuznetsov, Alexander and Mikheev, Nickolay",
      title          = "{Electroweak processes in external active media}",
      journal        = "Springer Tracts Mod. Phys.",
      volume         = "252",
      year           = "2013",
      pages          = "pp 1-271",
}


@article{MGU,
      author         = "Борисов, А. В. and Вшивцев, А. С. and Жуковский, В Ч. and Эминов, П. А.",
      title          = "{Фотоны и лептоны во внешних полях при конечных температуре и плотности}",
      journal        = "УФН",
      volume         = "{167}",
      year           = "{1997}",
      number         = "{3}",
      pages          = "{241-267}",
      language     = {russian}      
}

@BOOK{Lifshic:1979,
  author       = {Е. М. Лифшиц and Л. П. Питаевский},
  title        = {Физическая кинетика},
  publisher    = {Наука},
  address      = {Москва},
  year         = {1979},
  numpages        = {528},
  language     = {russian},
}

@article{Fradkin,
  author       = {Фрадкин, Е. С.},
  title        = {Метод функций Грина в теории квантованных полей и квантовой статистике},
  journal        = "Тр. ФИАН СССР",
  publisher    = {Наука},
  address      = {Москва},
  year         = {1965},
  volume         = "{29}",
  pages        = {7-138},
  language     = {russian},
}


@BOOK{Lifshic:1978,
  author       = {Е. М. Лифшиц and Л. П. Питаевский},
  title        = {Статистическая физика, ч.2},
  publisher    = {Наука},
  address      = {Москва},
  year         = {1978},
  numpages        = {448},
  language     = {russian},
}




@article{Frank:1937fk,
      author         = "Frank, I. M. and Tamm, I.",
      title          = "{Coherent visible radiation of fast electrons passing
                        through matter}",
      journal        = "C. R. Acad. Sci. URSS",
      volume         = "14",
      year           = "1937",
      pages          = "109-114",
}


@ARTICLE{Latal:86,
   author = {{Latal}, H.~G.},
    title = "{Cyclotron radiation in strong magnetic fields}",
  journal = {Astrophys. J.},
     year = 1986,
   volume = 309,
    pages = {372-382},
}

@ARTICLE{Semionova:2010,
   author = {{Semionova}, L. and {Leahy}, D. and {Paez}, J.},
    title = "{Polarization in cyclotron radiation in strong magnetic fields}",
  journal = {Research in Astronomy and Astrophysics},
     year = 2010,
    number  = 10,
   volume = 10,
    pages = {1023-1040},
}

@ARTICLE{Erber:2003,
   author = {{Erber}, T. and {Latal}, H.~G.},
    title = "{Unified radiation formulae for classical and quantum electrodynamics}",
  journal = {European Journal of Physics},
     year = 2003,
    number  = 1,
   volume = 24,
    pages = {67-79},
}

@article{Baier:1966,
      author         = "Байер, В. Н. and Катков, В. М.",
      title          = "{Рождение пары нейтрино при движении электрона в магнитном поле}",
      journal        = "ДАН СССР",
      volume         = "{171}",
      year           = "{1966}",
      number         = "{2}",
      pages          = "{313-316}",
      language     = {russian}      
}


@article{Potekhin:2015qsa,
      author         = "Potekhin, A. Y. and Pons, J. A. and Page, Dany",
      title          = "{Neutron stars - cooling and transport}",
      journal        = "Space Sci. Rev.",
      volume         = "191",
      year           = "2015",
      number         = "1-4",
      pages          = "239-291",
}

@article{Choban:1969,
      author         = "Чобан, Э. А. and Иванов, А. Н.",
      title          = "{Рождение лептонных пар высокоэнергетическими нейтрино в поле сильной 
      электромагнитной волны}",
      journal        = "ЖЭТФ",
      volume         = "{56}",
      year           = "{1969}",
      number         = "{1}",
      pages          = "{194-200}",
      language     = {russian}      
}

@article{Ritus:1979,
  author       = {Ритус, В. И. },
  title        = {Квантовые эффекты взаимодействия элементарных частиц с интенсивным электромагнитным полем},
  journal        = "Тр. ФИАН СССР сб. Квантовая электродинамика явлений в интeнсивном поле" ,
  publisher    = {Наука},
  address      = {Москва},
  year         = {1979},
  volume         = "{111}",
  pages        = {5-151},
  language     = {russian},
}

@article{Nikishov:1979,
  author       = {Никишов, А. И. },
  title        = {Проблемы интенсивного внешнего поля в квантовой электродинамике},
  journal        = "Тр. ФИАН СССР сб. Квантовая электродинамика явлений в интeнсивном поле" ,
  publisher    = {Наука},
  address      = {Москва},
  year         = {1979},
  volume         = "{111}",
  pages        = {152-271},
  language     = {russian},
}


@article{Borisov:1983,
      author         = "Борисов, А. В. and Жуковский, В. Ч. and Лысов, Б. А.",
      title          = "{Рождение электрон - позитронной пары нейтрино в магнитном поле}",
      journal        = "Изв. вузов. Физика",
      year           = "{1983}",
      number         = "{8}",
      pages          = "{30-34}",
      language     = {russian}      
}

@article{Knizhnikov:1984,
      author         = "Книжников, М. Ю. and Татаринцев, А. В.",
      title          = "{Рождение электрон - позитронной пары нейтрино в постоянном внешнем поле}",
      journal        = "Вестн. МГУ. Физ., астрон",
      volume         = "{25}",
      year           = "{1984}",
      number         = "{3}",
      pages          = "{26-30}",
      language     = {russian}      
}

@article{Borisov:1993,
      author         = "Borisov, A. V. and Ternov, A. I. and Zhukovsky, V. Ch.",
      title          = "{Electron-positron pair production by a neutrino 
                         in an external electromagnetic field}",
      journal        = "Phys. Lett.",
      volume         = "B318",
      year           = "1997",
      number         = "3",
      pages          = "489-491",
}


@article{Kuznetsov:1997pl,
      author         = "Kuznetsov, A. V. and Mikheev, N. V.",
      title          = "{Neutrino energy and momentum loss through the process 
                        $\nu \to \nu e^- e^+$ in a strong magnetic field}",
      journal        = "Phys. Lett.",
      volume         = "B394",
      year           = "1997",
      number         = "1,2",
      pages          = "123-126",
}

@article{Kuznetsov:1997yf,
      author         = "Кузнецов, А. В. and Михеев, Н. В.",
      title          = "{Нейтринное рождение электрон--позитронных пар в магнитном поле}",
      journal        = "Ядерная физика",
      volume         = "{60}",
      year           = "{1997}",
      number         = "{11}",
      pages          = "{2038-2047}",
      language     = {russian}      
}

@article{Borisov:1999,
      author         = "Борисов, А. В. and Заморин, Н. Б.",
      title          = "{Рождение электрон - позитронной пары в распаде массивного нейтрино 
      в постоянном внешнем поле}",
      journal        = "Ядерная физика",
      volume         = "{62}",
      year           = "{1999}",
      number         = "{9}",
      pages          = "{1647-1656}",
      language     = {russian}      
}

@article{Kuznetsov:2000mp,
      author         = "Kuznetsov, A. V. and Mikheev, N. V. and Rumyantsev, D. A.",
      title          = "{Lepton pair production by high-energy neutrino in an external 
                        electromagnetic field }",
      journal        = "Mod. Phys. Lett.",
      volume         = "A15",
      year           = "2000",
      number         = "8",
      pages          = "573-578",
}

@article{Kuznetsov:2002it,
      author         = "Кузнецов, А. В. and Михеев, Н. В. and Румянцев, Д. А.",
      title          = "{Нейтринное рождение лептонных пар во внешнем электромагнитном поле}",
      journal        = "Ядерная физика",
      volume         = "{65}",
      year           = "{2002}",
      number         = "{2}",
      pages          = "{303-306}",
      language     = {russian}      
}

@article{Skobelev:2007,
      author         = "Скобелев, В. В.",
      title          = "{Резонансный механизм фоторождения аксионов на замагниченном электронном газе}",
      journal        = "ЖЭТФ",
      volume         = "{132}",
      year           = "{2007}",
      number         = "{5}",
      pages          = "{1121--1126}",
      language     = {russian}      
}


@article{Gonthier:2014wja,
      author         = "Gonthier, Peter L. and Baring, Matthew G. and Eiles,
                        Matthew T. and Wadiasingh, Zorawar and Taylor, Caitlin A.
                        and Fitch, Catherine J.",
      title          = "{Compton scattering in strong magnetic fields:
                        Spin-dependent influences at the cyclotron resonance}",
      journal        = "Phys. Rev.",
      volume         = "D90",
      year           = "2014",
      number         = "4",
      pages          = "043014",
}

@article{Mushtukov:2015qul,
      author         = "Mushtukov, Alexander A. and Nagirner, Dmitrij I. and
                        Poutanen, Juri",
      title          = "{Compton scattering S-matrix and cross section in strong
                        magnetic field}",
      journal        = "Phys. Rev.",
      volume         = "D93",
      year           = "2016",
      number         = "10",
      pages          = "105003",
}

@article{Batalin:1971,
      author         = "Баталин, И. А. and  Шабад, A. E.",
      title          = "{Функция Грина фотона в постоянном однородном электромагнитном 
                        поле общего вида}",
      journal        = "ЖЭТФ",
      volume         = "{60}",
      year           = "{1971}",
      number         = "{3}",
      pages          = "{894-900}",
      language     = {russian}      
}

@article{Tsai:1974,
      author         = "Tsai, W. -Y.",
      title          = "{Vacuum polarization in homogeneous magnetic fields}",
      journal        = "Phys. Rev.",
      volume         = "D10",
      year           = "1974",
      number         = "8",
      pages          = "2699-2702",
}


@article{Skobelev:1975,
      author         = "Скобелев, В. В.",
      title          = "{Поляризационный оператор фотона в сверхсильном магнитном поле}",
      journal        = "{Изв. вузов. Физика}",
      year           = "{1975}",
      number         = "{10}",
      pages          = "{142-143}",
      language     = {russian}      
}



@article{Skobelev:1976,
      author         = "Скобелев, В. В.",
      title          = "{О реакциях $\gamma \to \nu \bar \nu$ и $\nu \to \gamma \nu$
                         в сильном магнитном поле}",
      journal        = "ЖЭТФ",
      volume         = "{71}",
      year           = "{1976}",
      number         = "{4}",
      pages          = "{1263-1267}",
      language     = {russian}      
}

@article{Galtsov:1972,
      author         = "Гальцов, Д. В. and Никитина, Н. С.",
      title          = "{Фотонейтринные процессы в сильном поле}",
      journal        = "ЖЭТФ",
      volume         = "{62}",
      year           = "{1972}",
      number         = "{6}",
      pages          = "{2008-2012}",
      language     = {russian}      
}


@ARTICLE{Ruderman:1975,
   author = {{Ruderman}, M.~A. and {Sutherland}, P.~G.},
    title = "{Theory of pulsars - Polar caps, sparks, and coherent microwave radiation}",
  journal = {Astrophys. J.},
     year = 1975,
   volume = 196,
    pages = {51-72},
}

@article{Klepikov:1954,
      author         = "Клепиков, Н. П. ",
      title          = "{Излучение фотонов и электрон-позитронных пар в магнитном поле}",
      journal        = "ЖЭТФ.",
      volume         = "{26}",
      year           = "{1954}",
      number         = "{1}",
      pages          = "{19-34}",
      language     = {russian}      
}

@article{Erber:1966,
      author         = "Erber, Thomas",
      title          = "{High-energy electromagnetic conversion processes in
                        intense magnetic fields}",
      journal        = "Rev. Mod. Phys.",
      volume         = "38",
      year           = "1966",
      pages          = "626-659",
}

@article{Shabad:1975,
      author         = "Shabad, A. E.",
      title          = "{Photon dispersion in a strong magnetic field}",
      journal        = "Ann. Phys. (N.Y.)",
      volume         = "90",
      year           = "1975",
      number         = 1,
      pages          = "166-195",
}

@ARTICLE{ShabUsov:1982,
   author = {{Shabad}, A.~E. and {Usov}, V.~V.},
    title = "{Gamma-quanta capture by magnetic field and pair creation suppression in pulsars}",
  journal = {Nature},
     year = 1982,
   volume = 295,
    pages = {215-217},
}

@article{ShabUsov:1985,
      author         = "Усов, В. В. and Шабад, А. Е.",
      title          = "{Светопозитроний в магнитосфере пульсара}",
      journal        = "Письма в журн. эксперим. и теор. физ.",
      volume         = "{42}",
      year           = "{1985}",
      number         = "{1}",
      pages          = "{17-20}",
      language     = {russian}      
}

@ARTICLE{Lyubarsky:2002,
   author = {{Lyubarsky}, Y.~E.},
    title = "{On the X-ray spectra of soft gamma repeaters}",
  journal = {Mon. Not. Roy. Astron. Soc.},
     year = 2002,
   volume = 332,
   number = 1,
    pages = {199-204},
}


@article{Kaminker:2014wna,
      author         = "Kaminker, A. D. and Kaurov, A. A. and Potekhin, A. Y. and
                        Yakovlev, D. G.",
      title          = "{Thermal emission of neutron stars with internal
                        heaters}",
      journal        = "Mon. Not. Roy. Astron. Soc.",
      volume         = "442",
      year           = "2014",
      number         = "4",
      pages          = "3484-3494",
}

@BOOK{Berestetskii:1989,
  author       = {В. Б. Берестецкий and Е. М. Лифшиц and Л. П. Питаевский},
  title        = {Квантовая электродинамика},
  publisher    = {Наука},
  address      = {Москва},
  year         = {1989},
  numpages        = {728},
  language     = {russian},
}

@article{Borovkov:1999,
      author         = "Боровков, М. Ю. and Кузнецов, А. В. and Михеев, Н. В.",
      title          = "{Однопетлевая амплитуда перехода $j \to f \bar f \to j'$ во внешнем электромагнитном поле}",
      journal        = "Ядерная физика",
      volume         = "{62}",
      year           = "{1999}",
      number         = "{9}",
      pages          = "{1714-1722}",
      language     = {russian}      
}

@article{Herold:1979,
      author         = "Herold, H.",
      title          = "{Compton and Thomson scattering in strong magnetic fields}",
      journal        = "Phys. Rev.",
      volume         = "D19",
      year           = "1979",
      number         = "10",
      pages          = "2868-2875",
}

@article{Melrose:1983b,
      author         = "Melrose, D. B. and Parle, A. J.",
      title          = "{Quantum electrodynamics in strong magnetic fields. III Electron-photon interactions}",
      journal        = "Aust. J. Phys.",
      volume         = "36",
      year           = "1983",
      pages          = "799-824",
}


@ARTICLE{Harding:1986,
   author = {Daugherty, J. K. and Harding, A. K.},
    title = "{Compton scattering in strong magnetic fields}",
  journal = {Astrophys. J.},
     year = 1986,
   volume = 309,
    pages = {362-371},
}

@ARTICLE{Harding:2000,
   author = {{Gonthier}, P.~L. and {Harding}, A.~K. and {Baring}, M.~G. and 
	{Costello}, R.~M. and {Mercer}, C.~L.},
    title = "{Compton scattering in ultrastrong magnetic fields: numerical and analytical behavior in the relativistic regime}",
  journal = {Astrophys. J.},
     year = 2000,
   volume = 540,
    pages = {907-922},
}


@article{DeRaad:1976,
      author         = "DeRaad Jr., L. L. and Milton, K. A. and Hari Dass, N. D.",
      title          = "{Photon decay into neutrinos in a strong magnetic field}",
      journal        = "Phys. Rev.",
      volume         = "D14",
      year           = "1976",
      number         = "12",
      pages          = "3326-3334",
}

@article{Gvozdev:1992,
      author         = "Gvozdev, A. A. and Mikheev, N. V. and Vassilevskaya, L. A.",
      title          = "{The magnetic ca\-ta\-ly\-sis of the radiative decay of a massive 
                         neutrino in the standard model with lepton mixing}",
      journal        = "Phys. Lett.",
      volume         = "B289",
      year           = "1992",
      number         = "1,2",
      pages          = "103-108",
}

@article{Vassilevskaya:1994,
      author         = "Василевская, Л. А. and Гвоздев, А. А. and Михеев, Н. В.",
      title          = "{Распад массивного нейтрино $\nu_i \to \nu_j \gamma$ в скрещенном поле}",
      journal        = "Ядерная физика",
      volume         = "{57}",
      year           = "{1994}",
      number         = "{1}",
      pages          = "{124-127}",
      language     = {russian}      
}

@article{Gvozdev:1996,
      author         = "Gvozdev, A. A. and Mikheev, N. V. and Vassilevskaya, L. A.",
      title          = "{The radiative decay of a massive neutrino in the external 
                         electromagnetic fields}",
      journal        = "Phys. Rev.",
      volume         = "D54",
      year           = "1996",
      number         = "9",
      pages          = "5674-5685",
}


@article{Skobelev:1995,
      author         = "Скобелев, В. В.",
      title          = "{Распад массивного нейтрино в сильном магнитном поле}",
      journal        = "ЖЭТФ",
      volume         = "{108}",
      year           = "{1995}",
      number         = "{1}",
      pages          = "{3-13}",
      language     = {russian}      
}

@article{Zhukovsky:1996,
      author         = "Zhukovsky, V. Ch. and Eminov, P. A. and Grigoruk, A. E.",
      title          = "{Radiative decay of a massive neutrino in the Weinberg - Salam model 
                          with mixing in a constant uniform magnetic field}",
      journal        = "Mod. Phys. Lett.",
      volume         = "A11",
      year           = "1996",
      number         = "39-40",
      pages          = "3119-3126",
}

@article{D'Olivo:1996,
      author         = "D'Olivo, J. C. and Nieves, J. F. and Pal, P. B.",
      title          = "{Cherenkov radiation by massless neutrinos}",
      journal        = "Phys. Lett.",
      volume         = "B365",
      year           = "1996",
      number         = "1-4",
      pages          = "178-184",
}

@article{Ioannisian:1997,
      author         = "Ioannisian, A. N. and Raffelt, G. G.",
      title          = "{Cherenkov radiation by massless neutrinos in a magnetic field}",
      journal        = "Phys. Rev",
      volume         = "D55",
      year           = "1997",
      number         = "11",
      pages          = "7038-7043",
}

@article{Gvozdev:1997,
      author         = "Gvozdev, A.A. and Mikheev, N.V. and Vassilevskaya, L.A.",
      title          = "{Resonance neutrino bremsstrahlung $\nu \to \nu \gamma$ in a strong magnetic field}",
      journal        = "Phys. Lett.",
      volume         = "B410",
      year           = "1997",
      number         = "2-4",
      pages          = "211-215",
}


@article{Kuznetsov:1998pl,
      author         = "Kuznetsov, A. V. and Mikheev, N.V. and Vassilevskaya, L. A.",
      title          = "{Photon splitting $\gamma \to \nu \bar \nu$ in an external magnetic field}",
      journal        = "Phys. Lett.",
      volume         = "B427",
      year           = "1998",
      number         = "1,2",
      pages          = "105-108",
}


@article{Vassilevskaya:1999yf,
      author         = "Василевская, Л. А. and Кузнецов, А. В. and Михеев, Н. В.",
      title          = "{Индуцированное магнитным полем нейтрино-фотонное $\nu \nu \gamma$-взаимодействие}",
      journal        = "Ядерная физика",
      volume         = "{62}",
      year           = "{1999}",
      number         = "{4}",
      pages          = "{715-722}",
      language     = {russian}      
}

@article{Andreev:2010,
      author         = "Андреев, М.С. and Михеев, Н. В. and Нарынская, Е. Н.",
      title          = "{Дисперсия нейтрино в зарядово-симметричной плазме}",
      journal        = "ЖЭТФ",
      volume         = "{137}",
      year           = "{2010}",
      number         = "{2}",
      pages          = "{259-267}",
      language     = {russian}      
}

@article{Gvozdev:2012,
      author         = "Гвоздев, А. А  and Осокина, Е. В",
      title          = "{Нейтринные процессы во внешнем магнитном поле в формализме матрицы плотности}",
      journal        = "ТМФ",
      volume         = "{170}",
      year           = "{2012}",
      number         = "{3}",
      pages          = "{423-447}",
      language     = {russian}      
}

@article{Ritus:1978,
      author         = "Ритус, В. И.",
      title          = "{Метод собственных функций и массовый оператор в квантовой электродинамике постоянного поля}",
      journal        = "ЖЭТФ",
      volume         = "{78}",
      year           = "{1975}",
      number         = "{2}",
      pages          = "{1560-1583}",
      language     = {russian}      
}

@article{Zhukovskii:1994,
      author         = "Жуковский, В. Ч. and Мидодашвили, П. Г. and Эминов, П. А.",
      title          = "{Мнимая часть массового оператора электрона в постоянном поле при конечной температуре и плотности}",
      journal        = "ЖЭТФ",
      volume         = "{106}",
      year           = "{1994}",
      number         = "{4}",
      pages          = "{929-935}",
      language     = {russian}      
}

%Photon Splitting

@article{Adler:1996,
      author         = "Adler, S. L. and Schubert, C.",
      title          = "{Photon splitting in a strong magnetic field: recalculation and comparison with previous calculations}",
      journal        = "Phys. Rev. Lett",
      volume         = "77",
      year           = "1996",
      pages          = "1695 -- 1698",
}

@article{Baier:1996,
      author         = "Baier, V. N. and Milstein, A. I. and Shaisultanov, R. Zh.",
      title          = "{Photon splitting in a very strong magnetic field}",
      journal        = "Phys. Rev. Lett",
      volume         = "77",
      year           = "1996",
      pages          = "1691 -- 1695",
}

@article{Baier:1997,
      author         = "Байер, В. Н. and Мильштейн, А. И. and Шайсултанов, Р. Ж.",
      title          = "{Расщепление фотона в сверхсильном магнитном поле}",
      journal        = "ЖЭТФ",
      volume         = "{111}",
      year           = "{1997}",
      number         = "{1}",
      pages          = "{52-62}",
      language     = {russian}      
}

@article{Wilke:1997,
      author         = "Wilke, C. and Wunner, G.",
      title          = "{Photon splitting in strong magnetic fields: asymptotic approximation 
                         formulae vs. accurate numerical results}",
      journal        = "Phys. Rev.",
      volume         = "D55",
      year           = "1997",
      number         = "2",
      pages          = "997-1000",
}

@article{Chistyakov:1998pl,
      author         = "Chistyakov, M. V. and Kuznetsov, A. V. and Mikheev, N. V.",
      title          = "{Photon splitting above the pair creation threshold in 
                        a strong magnetic field }",
      journal        = "Phys. Lett.",
      volume         = "B434",
      year           = "1998",
      number         = "1",
      pages          = "67-73",
}

@article{Kuznetsov:1999yf,
      author         = "Кузнецов, А. В. and Михеев, Н. В. and Чистяков, М. В.",
      title          = "{Расщепление фотона на два фотона в сильном магнитном поле}",
      journal        = "Ядерная физика",
      volume         = "{62}",
      year           = "{1999}",
      number         = "{9}",
      pages          = "{1638-1646}",
      language     = {russian}      
}

@article{Weise:2004,
      author         = "Weise, J. I.",
      title          = "{Photon splitting in the electromagnetic vacuum}",
      journal        = "Phys. Rev.",
      volume         = "D59",
      year           = "2004",
      pages          = "105017 (1-16)",
}


@article{Papanian:1986,
  author       = {Папанян, В. О. and Ритус, В. И. },
  title        = {Трехфотонное взаимодействие в интенсивном поле},
  journal        = "Тр. ФИАН СССР ``Проблемы квантовой электродинамики интенсивного поля''",
  publisher    = {Наука},
  address      = {Москва},
  year         = {1986},
  volume         = "{168}",
  pages        = {120-140},
  language     = {russian},
}


@article{Quinn:1977,
      author         = "Peccei, R. D. and Quinn, Helen R.",
      title          = "{Constraints imposed by CP conservation in the presence
                        of instantons}",
      journal        = "Phys. Rev.",
      volume         = "D16",
      year           = "1977",
      pages          = "1791-1797",
}


@BOOK{Raffelt:1996,
  author       = {Raffelt, G. G.},
  title        = {Stars as laboratories for fundamental physics},
  publisher    = {University of Chicago Press},
  address      = {Chicago},
  year         = {1996},
  numpages        = {664},
}

@BOOK{Zeldovich:1971,
  author       = {Зельдович, Я. Б. and Новиков, И. Д.},
  title        = {Теория тяготения и эволюция звезд},
  publisher    = {Наука},
  address      = {Москва},
  year         = {1971},
  numpages        = {484},
  language     = {russian},
}

@BOOK{Lipunov:1987,
  author       = {Липунов, В. М.},
  title        = {Астрофизика нейтронных звезд},
  publisher    = {Наука},
  address      = {Москва},
  year         = {1987},
  numpages        = {294},
  language     = {russian},
}


@article{Kuznetsov:2015uca,
      author         = "Kuznetsov, A. V. and Okrugin, A. A. and Shitova, A. M.",
      title          = "{Propagators of charged particles in an external magnetic
                        field, expanded over Landau levels}",
      journal        = "Int. J. Mod. Phys.",
      volume         = "A30",
      year           = "2015",
      number         = "24",
      pages          = "1550140",
}

@article{Kuznetsov:2011yp,
      author         = "Kuznetsov, A. V. and Okrugin, A. A.",
      title          = "{The exact electron propagator in a magnetic field as the
                        sum over landau levels on a basis of the Dirac equation
                        exact solutions}",
      journal        = "Int. J. Mod. Phys.",
      volume         = "A26",
      year           = "2011",
      pages          = "2725-2733",
}

@ARTICLE{Schwinger:1951,
   author = {{Schwinger}, J.},
    title = "{On gauge invariance and vacuum polarization}",
  journal = {Physical Review},
     year = 1951,
   volume = 82,
    number = 5,
    pages = {664-679},
}

%%%%%%%%%%%%%%%%%%%%%%%%%%%%%%%%%%%%%%%%%%%%%%%%%%%%%%%%%%%%%%%%%%%%%%%%%%%%%%%%%%%%%%%%%%%%%%%%%%%%%%%%%%%
%
% Доп. литература к Введению
%
%%%%%%%%%%%%%%%%%%%%%%%%%%%%%%%%%%%%%%%%%%%%%%%%%%%%%%%%%%%%%%%%%%%%%%%%%%%%%%%%%%%%%%%%%%%%%%%%%%%%%%%%%%%

@ARTICLE{Pskovskii:1989,
   author = {{Pskovskii}, I.~P. and {Dorofeev}, O.~F.},
    title = "{The acceleration of pulsars - A new test}",
  journal = {Nature},
     year = 1989,
   volume = 340,
    pages = {701-702},
}

@article{Loskutov:1984,
      author         = "Лоскутов, Ю. М.",
      title          = "{Эффекты направленности нейтринного излучения в сильном магнитном поле и его возможные следствия}",
      journal        = "Письма в журн. эксперим. и теор. физ.",
      volume         = "{39}",
      year           = "{1984}",
      number         = "{9}",
      pages          = "{438-440}",
      language     = {russian}      
}

@article{Loskutov:1985,
      author         = "Лоскутов, Ю. М.",
      title          = "{Индуцированная поляризация электронов. Асимметрия углового распределения нейтрино, генерируемых в магнитном поле}",
      journal        = "ТМФ",
      volume         = "{65}",
      year           = "{1985}",
      number         = "{1}",
      pages          = "{141-150}",
      language     = {russian}      
}

@article{Pinaev:1964,
      author         = "Пинаев, В. С.",
      title          = "{Некоторые процессы рождения нейтринных пар в звездах}",
      journal        = "ЖЭТФ.",
      volume         = "{45}",
      year           = "{1964}",
      number         = "{2}",
      pages          = "{548-554}",
      language     = {russian}      
}

@BOOK{Ternov:1989,
  author       = {Тернов, И. М. and Жуковский, В. Ч. and Борисов, А. В.},
  title        = {Квантовые процессы в сильном внешнем поле},
  publisher    = {Изд-во Моск. ун-та},
  address      = {Москва},
  year         = {1989},
  numpages        = {192},
  language     = {russian},
}

@ARTICLE{Sokolov:1973,
   author = {{Sokolov}, A.~A. and {Zhukovskii}, V.~C. and {Nikitina}, N.~S.
	},
    title = "{Quantum transitions of relativistic electrons in a superstrong magnetic field}",
  journal = {Physics Letters A},
     year = 1973,
   volume = 43,
    pages = {85-86},
}

@ARTICLE{Sokolov:1974,
   author = {{Sokolov}, A.~A. and {Ternov}, I.~M. and {Borison}, A.~V. and 
	{Zhukovskii}, V.~C.},
    title = "{Creation of electron-positron pairs and their annihilation in a superstrong magnetic field}",
  journal = {Physics Letters A},
     year = 1974,
   volume = 49,
    pages = {9-10},
}

@article{Borisov1975,
    author = "Соколов, А. А. and Тернов, И. М. and Борисов, А. В. and Жуковский, В. Ч.",
    title = "Рождение и аннигиляция электронно-позитронных пар в сверхсильном магнитном поле",
    journal = "Известия ВУЗов. Физика",
    year = "1975",
    number = "4",
    pages = "65--71",
    language = "russian"
}

@article{Borisov:1978,
    author = "Борисов, А. В. and Жуковский, В. Ч. and Эминов, П. А.",
    title = "Испускание нейтринных пар электроном в сверхсильном магнитном поле",
    journal = "Известия ВУЗов. Физика",
    year = "1978",
    number = "3",
    pages = "110--114",
    language = "russian"
}

@article{Kaminker:1994,
      author         = "Каминкер, А. Д. and Яковлев, Д. Г.",
      title          = "{Аннигиляция и синхротронное излучение нейтринных пар электронами и позитронами 
       в нейтронных звездах}",
      journal        = "Астрономический Журнал",
      volume         = "{71}",
      year           = "{1994}",
      number         = "{6}",
      pages          = "{910-915}",
      language     = {russian}      
}


@ARTICLE{Yakovlev:1981,
   author = {{Yakovlev}, D.~G. and {Tschaepe}, R.},
    title = "{Synchrotron neutrino pair radiation in neutron stars}",
  journal = {Astronomische Nachrichten},
     year = 1981,
   volume = 302,
    pages = {167-176},
}

@ARTICLE{Yakovlev:1982,
   author = {{Yakovlev}, D.~G. and {Tschaepe}, R.},
    title = "{Erratum - Synchroton neutrino-pair radiation in neutron stars}",
  journal = {Astronomische Nachrichten},
     year = 1982,
   volume = 303,
    pages = {218},
}

@article{TernovAI:2003,
    author = "Ternov, A. I. and Eminov, P. A.",
    title = "Radiative decay of the massive neutrino in magnetized plasma",
    journal = "Journal of Physics G: Nuclear and Particle Physics",
    year = "2003",
    volume = "29",
    number = "2",
    pages = "357--369",
}

@ARTICLE{Kaminker:1992a,
   author = {{Kaminker}, A.~D. and {Levenfish}, K.~P. and {Yakovlev}, D.~G. and 
	{Amsterdamski}, P. and {Haensel}, P.},
    title = "{Neutrino emissivity from e$^{-}$ synchrotron and e$^{-}$e$^{+}$ annihilation processes in a strong magnetic field: General formalism and nonrelativistic limit}",
  journal = {Phys. Rev.},
     year = 1992,
   volume = D46,
    pages = {3256-3264},
}

@ARTICLE{Kaminker:1992b,
   author = {{Kaminker}, A.~D. and {Gnedin}, O.~Y. and {Yakovlev}, D.~G. and 
	{Amsterdamski}, P. and {Haensel}, P.},
    title = "{Neutrino emissivity from e$^{-}$e$^{+}$ annihilation in a strong magnetic field: Hot, nondegenerate plasma}",
  journal = {Phys. Rev.},
     year = 1992,
   volume = D46,
    pages = {4133-4139},
}

@article{kuzakov2017,
    author = "Kouzakov, Konstantin A. and Studenikin, Alexander I.",
    title = "Electromagnetic properties of massive neutrinos in low-energy elastic neutrino-electron scattering",
    journal = "Physical Review D ",
    year = "2017",
    volume = "95",
    number = "5",
    pages = "055013-1--055013-9",
    language = "english"
}

@article{studenikin2016e,
    author = "Studenikin, Alexander I.",
    title = "Electromagnetic neutrino: a short review",
    journal = "Nuclear and Particle Physics Proceedings",
    year = "2016",
    volume = "273-275",
    pages = "1711--1718",
    language = "english"
}

@article{carlo2016,
    author = "Carlo, Giunti and Kouzakov, Konstantin A. and Yu-Feng, Li and Lokhov, Alexey V. and Studenikin, Alexander I. and and, Shun Zhou",
    title = "Electromagnetic neutrinos in laboratory experiments and astrophysics",
    journal = "Annalen der physik",
    year = "2016",
    volume = "528",
    number = "1-2",
    pages = "198--215",
    language = "english"
}

@article{giunti2015,
    author = "Giunti, C. and Studenikin, A.",
    title = "Neutrino electromagnetic interactions: a window to new physics",
    journal = "Reviews of Modern Physics",
    year = "2015",
    volume = "87",
    pages = "531",
    language = "english"
}

@article{studenikin2014,
    author = "Studenikin, Alexander",
    title = "New bounds on neutrino electric millicharge from limits on neutrino magnetic moment",
    journal = "Europhys.Lett",
    year = "2014",
    volume = "107",
    pages = "21001",
    language = "english"
}

@article{grigorev2009,
    author = "Григорьев, А. В. and Студеникин, А. И. and Тернов, А. И.",
    title = "Нейтрино в веществе и внешних полях",
    journal = "Ядерная физика",
    year = "2009",
    volume = "72",
    number = "4",
    pages = "760--765",
    language = "russian"
}
 
%Axions

@article{Pirmakoff:1951pj,
      author         = "Primakoff, H.",
      title          = "{Photoproduction of neutral mesons in nuclear electric
                        fields and the mean life of the neutral meson}",
      journal        = "Phys. Rev.",
      volume         = "81",
      year           = "1951",
      pages          = "899",
}

@article{Dicus:1978,
      author         = "Dicus, D. A. and Kolb, E. W. and Teplitz, V. L. and Wagoner, R. V.",
      title          = "{Astrophysical bounds on the masses of axions and Higgs particles}",
      journal        = "Phys. Rev.",
      volume         = "D18",
      year           = "1978",
      pages          = "1829--1851",
}

@article{Sikivie:1985yu,
      author         = "Sikivie, Pierre",
      title          = "{Detection rates for 'invisible' axion searches}",
      journal        = "Phys. Rev.",
      volume         = "D32",
      number         = "11",
      year           = "1985",
      pages          = "2988--2991",
      note           = "[Erratum: Phys. Rev.D36,974(1987)]",
}

@article{Bibber:1989,
      author         = "K. van Bibber and McIntyre, P. M. and Morris, D. E. and Raffelt, G. G.",
      title          = "{Design for a practical laboratory detector for solar  axions}",
      journal        = "Phys. Rev.",
      volume         = "D39",
      number         = "8",
      year           = "1989",
      pages          = "2089--2099",
}

@article{Beregiani:1992,
    author = "Бережиани, З. Г. and Сахаров, А. С. and Хлопов, М. Ю.",
    title = "О реликтовом фоне космических аксионов",
    journal = "Ядерная физика",
    year = "1992",
    volume = "55",
    number = "7",
    pages = "1918--1933",
    language = "russian"
}

@article{Raffelt:1988,
      author         = "Raffelt, G. G. and Stodolsky, L.",
      title          = "{Mixing of the  photon  with  low-mass particles}",
      journal        = "Phys. Rev.",
      volume         = "D37",
      number         = "5",
      year           = "1988",
      pages          = "1237--1249",
}

@article{Anselm:1985,
    author = "Ансельм, А. А.",
    title = "Осцилляции арион-фотон в постоянном магнитном поле",
    journal = "Ядерная физика",
    year = "1985",
    volume = "42",
    number = "6",
    pages = "1480--1483",
    language = "russian"
}

@article{Anselm:1988,
      author         = "Anselm, A. A.",
      title          = "{Experimental test for arion  $\rightarrow $  photon  oscillations 
                         in a homogeneous constant magnetic field}",
      journal        = "Phys. Rev.",
      volume         = "D37",
      number         = "7",
      year           = "1988",
      pages          = "2001--2004",
}

@article{Vorobyev:1990,
      author         = "Vorobyev, P. V. and Kolokolov, I. V. and Fogel, V. F. ",
      title          = "{Magnetic media  as a source and detector of  axions}",
      journal        = "Particle  World",
      volume         = "1",
      number         = "6",
      year           = "1990",
      pages          = "163--167",
}


@article{Borisov:2002vest,
    author = "Борисов, А. В. and Сизин, П. Е.",
    title = "Комптоновское излучение аксионов сильно замагниченным вырожденным релятивистским электронным газом",
    journal = "Вестник Московского Университета. Серия 3. Физика. Астрономия",
    year = "2002",
    number = "4",
    pages = "13--16",
    language = "russian"
}

@article{Borisov:2000vest,
    author = "Борисов, А. В. and Сизин, П. Е.",
    title = "Излучение аксионов при рассеянии электронов на флюксоидах в сверхпроводящем ядре нейтронной звезды",
    journal = "Вестник Московского Университета. Серия 3. Физика. Астрономия",
    year = "2000",
    number = "4",
    pages = "3--5",
    language = "russian"
}

@article{Borisov:1999jetp,
      author         = "Борисов, А. В. and Сизин, П. Е.",
      title          = "{Распространение аксионов в сильно замагниченной среде}",
      journal        = "ЖЭТФ",
      volume         = "{115}",
      year           = "{1999}",
      number         = "{1}",
      pages          = "{3-11}",
      language     = {russian}      
}

@article{Borisov:1996jetp,
      author         = "Борисов, А. В. and Гришина, В. Ю.",
      title          = "{Комптоновское рождение аксионов на электронах в постоянном внешнем поле}",
      journal        = "ЖЭТФ",
      volume         = "{110}",
      year           = "{1996}",
      number         = "{5}",
      pages          = "{1575-1588}",
      language     = {russian}      
}

@article{Mikheev:1999da,
      author         = "Mikheev, N. V. and Parkhomenko, A. {\relax Ya}. and
                        Vassilevskaya, L. A.",
      title          = "{Axion in an external electromagnetic field}",
      journal        = "Phys. Rev.",
      volume         = "D60",
      year           = "1999",
      pages          = "035001",
}

@article{Mikheev:1997mq,
      author         = "Mikheev, N. V. and Vasilevskaya, L. A.",
      title          = "{Electromagnetic catalysis of the radiative decay of the
                        axion}",
      journal        = "Phys. Lett.",
      volume         = "B410",
      year           = "1997",
      pages          = "207-210",
}

@article{Mikheev:1997vy,
      author         = "Mikheev, N. V. and Vasilevskaya, L. A.",
      title          = "{Axion decay $a \to f \bar f$ in a strong magnetic field}",
      journal        = "Phys. Lett.",
      volume         = "B410",
      year           = "1997",
      pages          = "203-206",
}

@article{Mikheev:1998yg,
      author         = "Mikheev, N. V. and Ovchinnikov, O. S. and Vassilevskaya,
                        L. A.",
      title          = "{$a \to e^+ e^-$ decay in a model with induced coupling to
                        leptons}",
      journal        = "Mod. Phys. Lett.",
      volume         = "A13",
      year           = "1998",
      pages          = "321-326",
}

@ARTICLE{DellaValle:2016,
   author = {{Della Valle}, F. and {Ejlli}, A. and {Gastaldi}, U. and {Messineo}, G. and 
	{Milotti}, E. and {Pengo}, R. and {Ruoso}, G. and {Zavattini}, G.
	},
    title = "{The PVLAS experiment: measuring vacuum magnetic birefringence and dichroism with a birefringent Fabry-Perot cavity}",
  journal = {European Physical Journal C},
     year = 2016,
   volume = 76,
    pages = {24},
}

@ARTICLE{Brubaker:2017,
   author = {{Brubaker}, B.~M. and {Zhong}, L. and {Gurevich}, Y.~V. and 
	{Cahn}, S.~B. and {Lamoreaux}, S.~K. and {Simanovskaia}, M. and 
	{Root}, J.~R. and {Lewis}, S.~M. and {Al Kenany}, S. and {Backes}, K.~M. and 
	{Urdinaran}, I. and {Rapidis}, N.~M. and {Shokair}, T.~M. and 
	{van Bibber}, K.~A. and {Palken}, D.~A. and {Malnou}, M. and 
	{Kindel}, W.~F. and {Anil}, M.~A. and {Lehnert}, K.~W. and {Carosi}, G.
	},
    title = "{First results from a microwave cavity axion search at 24 {$\mu$} eV}",
  journal = {Physical Review Letters},
     year = 2017,
   volume = 118,
   number = 6,
    pages = {061302},
}

@ARTICLE{Branca:2017,
   author = {{Branca}, A. and {Bonaldi}, M. and {Cerdonio}, M. and {Conti}, L. and 
	{Falferi}, P. and {Marin}, F. and {Mezzena}, R. and {Ortolan}, A. and 
	{Prodi}, G.~A. and {Taffarello}, L. and {Vedovato}, G. and {Vinante}, A. and 
	{Vitale}, S. and {Zendri}, J.-P.},
    title = "{Search for an ultralight scalar dark matter candidate with the AURIGA detector}",
  journal = {Physical Review Letters},
     year = 2017,
   volume = 118,
   number = 2,
    pages = {021302},
}

@ARTICLE{Banerjee:2017,
   author = {{Banerjee}, D. and {Burtsev}, V. and {Cooke}, D. and {Crivelli}, P. and 
	{Depero}, E. and {Dermenev}, A.~V. and {Donskov}, S.~V. and 
	{Dubinin}, F. and {Dusaev}, R.~R. and {Emmenegger}, S. and {Fabich}, A. and 
	{Frolov}, V.~N. and {Gardikiotis}, A. and {Gninenko}, S.~N. and 
	{H{\"o}sgen}, M. and {Kachanov}, V.~A. and {Karneyeu}, A.~E. and 
	{Ketzer}, B. and {Kirpichnikov}, D.~V. and {Kirsanov}, M.~M. and 
	{Kovalenko}, S.~G. and {Kramarenko}, V.~A. and {Kravchuk}, L.~V. and 
	{Krasnikov}, N.~V. and {Kuleshov}, S.~V. and {Lyubovitskij}, V.~E. and 
	{Lysan}, V. and {Matveev}, V.~A. and {Mikhailov}, Y.~V. and 
	{Myalkovskiy}, V.~V. and {Peshekhonov}, V.~D. and {Peshekhonov}, D.~V. and 
	{Petuhov}, O. and {Polyakov}, V.~A. and {Radics}, B. and {Rubbia}, A. and 
	{Samoylenko}, V.~D. and {Tikhomirov}, V.~O. and {Tlisov}, D.~A. and 
	{Toropin}, A.~N. and {Trifonov}, A.~Y. and {Vasilishin}, B. and 
	{Vasquez Arenas}, G. and {Ulloa}, P. and {Zhukov}, K. and {Zioutas}, K. and 
	{NA64 Collaboration}},
    title = "{Search for invisible decays of sub-GeV dark photons in missing-energy events at the CERN SPS}",
  journal = {Physical Review Letters},
     year = 2017,
   volume = 118,
   number = 1,
    pages = {011802},
}


1996 Photoproduction of an axion on an electron in an external magnetic field (Compton mechanism)
Borisov A.V., Grishina V.Yu
в журнале MOSCOW UNIVERSITY PHYSICS BULLETIN, том 51, № 4, с. 20-25


1996 Фоторождение аксиона на электроне во внешнем магнитном поле (комптоновский механизм)
Борисов А.В., Гришина В.Ю.
в журнале VESTNIK MOSKOVSKOGO UNIVERSITETA SERIYA 3 FIZIKA ASTRONOMIYA, том 37, № 4, с. 24-30
Информация о цитировании статьи получена из внешних систем

1995 Photoproduction of axions on electrons in a constant external field: the Primakoff effect
Borisov A.V., Zhukovskii K.V.
в журнале Physics of Atomic Nuclei, издательство Maik Nauka/Interperiodica Publishing (Russian Federation), том 58, № 7, с. 1218-1226



24.	О полевой асимптотике поляризационного оператора
Ю. М. Лоскутов, Б. А. Лысов, В. В. Скобелев
ТМФ, 53:3 (1982),  469–473
25.	Полевая асимптотика массового оператора: суммирование диаграмм теории возмущений
Ю. М. Лоскутов, В. В. Скобелев
ТМФ, 48:1 (1981),  44–48
26.	Форм-факторы нейтрино в двумерном приближении квантовой электродинамики
Ю. М. Лоскутов, В. В. Скобелев
ТМФ, 39:1 (1979),  64–68
27.	Радиационные поправки к массовому оператору электрона в двумерном приближении квантовой электродинамики
Ю. М. Лоскутов, В. В. Скобелев
ТМФ, 38:2 (1979),  195–200
28.	Тормозное излучение нейтринных и фотонных пар в сильном магнитном поле
Ю. М. Лоскутов, В. В. Скобелев
ТМФ, 29:1 (1976),  65–70


2001 Majorana neutrinos and same-sign dilepton production at LHC and in rare meson decays
Ali A., Borisov A.V., Zamorin N.B.
в журнале European Physical Journal C, издательство Springer Verlag (Germany), том 21, № 1, с. 123-132 DOI
Информация о цитировании статьи получена из внешних системДоступен полный текст статьи

2000 Annihilation of a Neutrino Pair into a Muon–Positron Pair in a Magnetic Field
Borisov A.V., Guseinov V.A., Zamorin N.B.
в журнале Physics of Atomic Nuclei, издательство Maik Nauka/Interperiodica Publishing (Russian Federation), том 63, № 11, с. 1949-1955 DOI
Информация о цитировании статьи получена из внешних системДоступен полный текст статьи

2000 Аннигиляция нейтринной пары в мюон-позитронную пару в магнитном поле
Борисов А.В., Гусейнов В.А., Заморин Н.Б.
в журнале Ядерная физика, издательство Наука (М.), том 63, № 11, с. 2041-2047 DOI
Информация о цитировании статьи получена из внешних систем


1999 Production of an electron-positron pair in the decay of a massive neutrino in a constant external field
Borisov A.V., Zamorin N.B.
в журнале Physics of Atomic Nuclei, издательство Maik Nauka/Interperiodica Publishing (Russian Federation), том 62, № 9, с. 1543-1551
Информация о цитировании статьи получена из внешних систем


1998 Inverse muon decay in a magnetic field: polarization effects
Borisov A.V., Gusseinov V.A., Pavlova O.S.
в журнале Physics of Atomic Nuclei, издательство Maik Nauka/Interperiodica Publishing (Russian Federation), том 61, № 1, с. 94-101
Информация о цитировании статьи получена из внешних систем

1998 О спиновых корреляциях в синхротронном излучении
Борисов А.В., Вшивцев В.А., Тернов А.И.
в журнале VESTNIK MOSKOVSKOGO UNIVERSITETA SERIYA 3 FIZIKA ASTRONOMIYA, № 2, с. 12-14
Информация о цитировании статьи получена из внешних систем

11997 Radiation-induced shift of the ground-state energy of an electron in a static magnetic field in (2+1)-dimensional quantum electrodynamics
Ternov I.M., Borisov A.V., Zhukovskii K.V.
в журнале MOSCOW UNIVERSITY PHYSICS BULLETIN, том 52, № 1, с. 99-101

1997 Об интерпретации спиновых эффектов в черенковском излучении
Тернов И.М., Борисов А.В.
в журнале VESTNIK MOSKOVSKOGO UNIVERSITETA SERIYA 3 FIZIKA ASTRONOMIYA, том 38, № 3, с. 9-11
Информация о цитировании статьи получена из внешних систем

1997 Радиационный сдвиг энергии основного состояния электрона в постоянном магнитном поле в (2 + 1) - мерной квантовой электродинамике
Тернов И.М., Борисов А.В., Жуковский К.В.
в журнале VESTNIK MOSKOVSKOGO UNIVERSITETA SERIYA 3 FIZIKA ASTRONOMIYA, № 1, с. 71-72
Информация о цитировании статьи получена из внешних систем



%%%%%%%%%%%%%%%%%%%%%%%%%%%%%%%%%%%%%%%%%%%%%%%%%%%%%%%%%%%%%%%%%%%%%%%%%%%%%%%%%%%%%%%%%%%%%%%%%%%%
%
%                    Chapter 1
%
%%%%%%%%%%%%%%%%%%%%%%%%%%%%%%%%%%%%%%%%%%%%%%%%%%%%%%%%%%%%%%%%%%%%%%%%%%%%%%%%%%%%%%%%%%%%%%%%%%%%


@article{Shabad:1988,
  author       = {Шабад, А. Е.},
  title        = {Поляризация вакуума и квантового релятивистского газа  во внешнем поле},
  journal        = "Тр. ФИАН СССР ``Поляризационные эффекты во внешних калибровочных полях''",
  publisher    = {Наука},
  address      = {Москва},
  year         = {1988},
  volume         = "{192}",
  pages        = {5-152},
  language     = {russian},
}


@article{Kennett:1998,
      author         = "Kennett, M. P. and Melrose, D. B.",
      title          = "{Neutrino emission via the plasma process in a magnetized
                        plasma}",
      journal        = "Phys. Rev.",
      volume         = "D58",
      year           = "1998",
      pages          = "093011 (1-17)",
}


@ARTICLE{Johnson:1949,
   author = {{Johnson}, M.~H. and {Lippmann}, B.~A.},
    title = "{Motion in a constant magnetic field}",
  journal = {Physical Review},
     year = 1949,
   volume = 76,
   number = 6,
    pages = {828-832},
}

@BOOK{Akhiezer:1965,
  author       = {А. И. Ахиезер and В. Б. Берестецкий},
  title        = {Квантовая электродинамика},
  publisher    = {Физматгиз},
  address      = {Москва},
  year         = {1959},
  numpages        = {656},
  language     = {russian},
}


@BOOK{Sokolov:1968,
  author       = {А. А. Соколов and И. М. Тернов},
  title        = {Синхротронное излучение},
  publisher    = {Наука},
  address      = {Москва},
  year         = {1966},
  numpages        = {228},
  language     = {russian},
}

@article{Melrose:1983a,
      author         = "Melrose, D. B. and Parle, A. J.",
      title          = "{Quantum electrodynamics in strong magnetic fields. I Electron States}",
      journal        = "Aust. J. Phys.",
      volume         = "36",
      year           = "1983",
      pages          = "755-774",
}

@BOOK{Sokolov:1986,
  author       = {А. А. Соколов and И. М. Тернов},
  title        = { Релятивистский электрон},
  publisher    = {Наука},
  address      = {Москва},
  year         = {1983},
  numpages        = {304},
  language     = {russian},
}

@article{Bhattacharya:2004,
      author         = "Bhattacharya, Kaushik and Pal, Palash B.",
      title          = "{Inverse beta decay of arbitrarily polarized neutrons in
                        a magnetic field}",
      journal        = "Pramana J. Phys.",
      volume         = "62",
      year           = "2004",
      pages          = "1041-1058",
}

@article{Balantsev:2011,
      author         = "Balantsev, I. A. and Popov, {\relax Yu}. V. and
                        Studenikin, A. I.",
      title          = "{On the problem of relativistic particles motion in
                        strong magnetic field and dense matter}",
      journal        = "J. Phys.",
      volume         = "A44",
      year           = "2011",
      pages          = "255301 (1-13)",
}

@BOOK{Gradshtein,
  author       = {И. С. Градштейн and  И. М. Рыжик},
  title        = {Таблицы интегралов, сумм, рядов  и  произведений},
  publisher    = {Гос. изд-во физ.-мат. лит.},
  address      = {Москва},
  year         = {1963},
  numpages        = {1108},
  language     = {russian},
}

@BOOK{Peskin:1995,
  author       = {М. Пескин and Д. Шредер},
  title        = {Введение в квантовую теорию поля},
  publisher    = {РХД},
  address      = {Ижевск},
  year         = {2001},
  numpages        = {784},
  language     = {russian},
}




%%%%%%%%%%%%%%%%%%%%%%%%%%%%%%%%%%%%%%%%%%%%%%%%%%%%%%%%%%%%%%%%%%%%%%%%%%%%%%%%%%%%%%%%%%%%%%%%%%%%
%
%                    Chapter 2
%
%%%%%%%%%%%%%%%%%%%%%%%%%%%%%%%%%%%%%%%%%%%%%%%%%%%%%%%%%%%%%%%%%%%%%%%%%%%%%%%%%%%%%%%%%%%%%%%%%%%%

@ARTICLE{Bulik:1997,
   author = {{Bulik}, T. and {Miller}, M.~C.},
    title = "{Spectral effects of the vacuum resonance in soft gamma-ray repeaters}",
  journal = {Mon. Not. R. Astron. Soc.},
     year = 1997,
   volume = 288,
   number = 3,
    pages = {596-608},
}

@ARTICLE{Rojas1982,
   author = {Peres Rojas, H. and Shabad, A. E.},
    title = "{Absorption and dispersion of electromagnetic eigenwaves of electron-positron plasma in a strong magnetic field}",
  journal = {Ann. Phys. (N.Y.)},
     year = 1982,
   volume = 138,
    pages = {1-35},
}

@article{Rojas1979r,
      author         = "Перес Рохас, У.",
      title          = "{Поляризационный оператор электрон-позитронного газа в постоянном внешнем магнитном поле}",
      journal        = "ЖЭТФ",
      volume         = "{76}",
      year           = "{1979}",
      number         = "{1}",
      pages          = "{3-17}",
      language     = {russian}      
}

@ARTICLE{Rojas1979,
   author = {Peres Rojas, H. and Shabad, A. E.},
    title = "{Polarization of relativistic electron and positron gas in a strong magnetic field. Propagation of electromagnetic waves}",
  journal = {Ann. Phys. (N.Y.)},
     year = 1979,
   volume = 121,
   number  = 2,
    pages = {432-464},
}

@article{Poutanen:2013xaa,
      author         = "Poutanen, Juri and Mushtukov, Alexander A. and
                        Suleimanov, Valery F. and Tsygankov, Sergey S. and
                        Nagirner, Dmitrij I. and Doroshenko, Victor and Lutovinov,
                        Alexander A.",
      title          = "{A reflection model for the cyclotron lines in the
                        spectra of X-ray pulsars}",
      journal        = "Astrophys. J.",
      volume         = "777",
      year           = "2013",
      pages          = "115-123",
}

@article{Potekhin:2012mr,
      author         = "Potekhin, A. Y. and Suleimanov, V. F. and van Adelsberg,
                        M. and Werner, K.",
      title          = "{Radiative properties of magnetic neutron stars with
                        metallic surfaces and thin atmospheres}",
      journal        = "Astron. Astrophys.",
      volume         = "546",
      year           = "2012",
      pages          = "A121-A135",
}

@article{Suleimanov:2010ap,
      author         = "Suleimanov, V. and Hambaryan, V. V. and Potekhin, A. Y.
                        and van Adelsberg, M. and Neuhaeuser, R. and Werner, K.",
      title          = "{Radiative properties of highly magnetized isolated
                        neutron star surfaces and approximate treatment of
                        absorption features in their spectra}",
      journal        = "Astron. Astrophys.",
      volume         = "511",
      year           = "2010",
      pages          = "A111-A165",
}

@article{Suleimanov:2007it,
      author         = "Suleimanov, Valery and Werner, K.",
      title          = "{Importance of Compton scattering for radiation spectra
                        of isolated neutron stars with weak magnetic fields}",
      journal        = "Astron. Astrophys.",
      year           = "2007",
      pages          = "661-668",
}

@article{MikhChist:2001,
      author         = "Михеев, Н. В. and Чистяков, М. В.",
      title          = "{Затухание фотона в результате рождения электрон-позитронной пары в сильном 
                         магнитном поле}",
      journal        = "Письма в журн. эксперим. и теор. физ.",
      volume         = "{73}",
      year           = "{2001}",
      number         = "{12}",
      pages          = "{726-730}",
      language     = {russian}      
}

%%%%%%%%%%%%%%%%%%%%%%%%%%%%%%%%%%%%%%%%%%%%%%%%%%%%%%%%%%%%%%%%%%%%%%%%%%%%%%%%%%%%%%%%%%%%%%%%%%%%
%
%                    Chapter 3
%
%%%%%%%%%%%%%%%%%%%%%%%%%%%%%%%%%%%%%%%%%%%%%%%%%%%%%%%%%%%%%%%%%%%%%%%%%%%%%%%%%%%%%%%%%%%%%%%%%%%%

@ARTICLE{Adler:1970,
   author = {{Adler}, S.~L. and {Bahcall}, J.~N. and {Callan}, C.~G. and 
	{Rosenbluth}, M.~N.},
    title = "{Photon splitting in a strong magnetic field}",
  journal = {Physical Review Letters},
     year = 1970,
   volume = 25,
    pages = {1061-1065},
}

@ARTICLE{Adler:1971,
   author = {{Adler}, S.~L.},
    title = "{Photon splitting and photon dispersion in a strong magnetic field.}",
  journal = {Annals of Physics},
     year = 1971,
   volume = 67,
    pages = {599-647},
}

@ARTICLE{Bialynicka:1970,
   author = {Bialynicka-Birula, Z. and  Bialynicka-Birula, I.},
    title = "{Nonlinear effects in quantum electrodynamics. Photon propagation and 
  photon splitting in an external field}",
  journal = {Phys.Rev. D.},
     year = 1970,
   volume = D2,
   number  = 10,
    pages = {2341-2345},
}

@article{Ritus:1972,
      author         = "Папанян, В. О. and Ритус, В. И. ",
      title          = "{Поляризация вакуума и расщепление фотонов в интенсивном поле}",
      journal        = "ЖЭТФ",
      volume         = "{61}",
      year           = "{1971}",
      number         = "{6}",
      pages          = "{2231-2241}",
      language     = {russian}      
}

@article{Stoneham:1979,
      author         = "Stoneham, R. J.",
      title          = "{Photon splitting in the magnetised vacuum}",
      journal        = "J. Phys.",
      volume         = "A12",
      year           = "1979",
      number         = "11",
      pages          = "2187-2203",
}

@article{Mentzel:1994,
      author         = "Mentzel, Markus and Berg, Dagmar and Wunner, Gunter",
      title          = "{Photon splitting in strong magnetic fields}",
      journal        = "Phys. Rev.",
      volume         = "D50",
      year           = "1994",
      pages          = "1125-1139",
}

@ARTICLE{HBG:1997,
   author = {{Harding}, A.~K. and {Baring}, M.~G. and {Gonthier}, P.~L.},
    title = "{Photon-splitting cascades in gamma-ray pulsars and the spectrum of PSR 1509-58}",
  journal = {Astrophys. J.},
     year = 1997,
    number = 1,
   volume = 476,
    pages = {246-260},
}

@ARTICLE{BH:1998,
   author = {{Baring}, M.~G. and {Harding}, A.~K.},
    title = "{Radio-quiet pulsars with ultrastrong magnetic fields}",
  journal = {Astrophys. J. Lett. },
     year = 1998,
    number = 1,
   volume = 507,
    pages = {L55-L58},
}

@article{Malofeev:2005r,
      author         = "Малофеев, В. М. and  Малов, О. И. and Теплых, Д. А. and и др.  ",
      title          = "{Радиоизлучение от двух аномальных рентгеновских пульсаров}",
      journal        = "Астрон. ж.",
      volume         = "{82}",
      year           = "{2005}",
      number         = "{3}",
      pages          = "{273-280}",
      language     = {russian}      
}

@ARTICLE{Malofeev:2005,
   author = {{Malofeev}, V.~M. and {Malov}, O.~I. and {Teplykh}, D.~A. and 
	{Tyul'Bashev}, S.~A. and {Tyul'Basheva}, G.~E.},
    title = "{Radio emission from two anomalous X-ray pulsars}",
  journal = {Astronomy Reports},
     year = 2005,
   number = 3,
   volume = 49,
    pages = {242-249},
}

@article{Istomin:2007,
      author         = "Istomin, {\relax Ya}. N. and Sobyanin, D. N.",
      title          = "{Electron-positron plasma generation in a magnetar
                        magnetosphere}",
      journal        = "Astron. Lett.",
      volume         = "33",
      year           = "2007",
      pages          = "660-672",
}

@ARTICLE{Bulik:1998,
   author = {{Bulik}, T.},
    title = "{Photon splitting in strongly magnetized plasma}",
  journal = {Acta Astronomica},
     year = 1998,
   volume = 48,
    pages = {695-710},
}

@article{Elmfors:1998,
      author         = "Elmfors, Per and Skagerstam, Bo-Sture",
      title          = "{Thermally induced photon splitting}",
      journal        = "Phys. Lett.",
      volume         = "B427",
      year           = "1998",
      pages          = "197-205",
}

@article{Gies:2000,
      author         = "Gies, Holger",
      title          = "{QED effective action at finite temperature: Two loop
                        dominance}",
      journal        = "Phys. Rev.",
      volume         = "D61",
      year           = "2000",
      pages          = "085021 (1-34)",
}

@article{Martinez:2001,
      author         = "Martinez Resco, J. M. and Valle Basagoiti, M. A.",
      title          = "{Matter induced vertices for photon splitting in a weakly
                        magnetized plasma}",
      journal        = "Phys. Rev.",
      volume         = "D64",
      year           = "2001",
      pages          = "016006 (1-14)",
}

@article{Mikheev:2000,
      author         = "Кузнецов, А. В. and Михеев, Н. В.",
      title          = "{Взаимодействие нейтрино с сильно замагниченной электрон-позитронной плазмой}",
      journal        = "ЖЭТФ",
      volume         = "{118}",
      year           = "{2000}",
      number         = "{4}",
      pages          = "{863-876}",
      language     = {russian}      
}

@article{Weldon:1982,
      author         = "Weldon, H. Arthur",
      title          = "{Covariant calculations at finite temperature: The
                        relativistic plasma}",
      journal        = "Phys. Rev.",
      volume         = "D26",
      year           = "1982",
      pages          = "1394-1433",
}

@article{Chist:2002mpla,
      author         = "Chistyakov, M. V. and Mikheev, N. V.",
      title          = "{Photon - neutrino interactions in strong magnetic field}",
      journal        = "Mod. Phys. Lett.",
      volume         = "A17",
      year           = "2002",
      number         = "39",
      pages          = "2553-2562",
}


@article{Parkh:2000,
      author         = "Mikheev, N. V. and Parkhomenko, A. Ya. and Vassilevskaya, L. A.",
      title          = "{  Magnetic-field influence on radiative axion decay into photons  
                           of the same polarization}",
      journal        = "Ядерная физика",
      volume         = "{63}",
      year           = "{2000}",
      number         = "{6}",
      pages          = "{1122-1125}",
      language     = {russian}      
}

@ARTICLE{Usov:2002,
   author = {{Usov}, V.~V.},
    title = "{Photon splitting in the superstrong magnetic fields of pulsars}",
  journal = {Astrophys. J.},
     year = 2002,
   volume = 572,
   number = {1},
    pages = {L87-L90},
}

@article{Shabad:1983,
      author         = "Усов, В. В and Шабад, А. Е.",
      title          = "{О распаде гамма-квантов изгибного излучения вблизи поверхности пульсара}",
      journal        = "Письма в Астрон. журн.",
      volume         = "{9}",
      year           = "{1983}",
      pages          = "{401-404}",
      language     = {russian}      
}

@ARTICLE{Nagel,
   author = {{Nagel}, W.},
    title = "{Cyclotron line formation in the accretion column of an X-ray pulsar}",
  journal = {Astrophys. J.},
     year = 1980,
   volume = 236,
    pages = {904-910},
}


%%%%%%%%%%%%%%%%%%%%%%%%%%%%%%%%%%%%%%%%%%%%%%%%%%%%%%%%%%%%%%%%%%%%%%%%%%%%%%%%%%%%%%%%%%%%%%%%%%%%
%
%                    Chapter 4
%
%%%%%%%%%%%%%%%%%%%%%%%%%%%%%%%%%%%%%%%%%%%%%%%%%%%%%%%%%%%%%%%%%%%%%%%%%%%%%%%%%%%%%%%%%%%%%%%%%%%%


@ARTICLE{Itoh1992,
   author = {{Itoh}, N. and {Mutoh}, H. and {Hikita}, A. and {Kohyama}, Y.},
    title = "{Neutrino energy loss in stellar interiors. IV - Plasma neutrino process for strongly degenerate electrons}",
  journal = {Astrophys. J.},
     year = 1992,
   volume = 395,
   number = {2},
    pages = {622-631},
}

@article{Bisnovatyi:1979,
	author = "Бисноватый-Коган, Г. С.  and  Чечеткин, В. М.",
	title = "{Неравновесные оболочки нейтронных звезд, их роль в поддержании рентгеновского излучения и нуклеосинтезе}",
	journal = "Усп. физ. наук",
	year = "{1979}",
	volume = "{127}",
	number = "{2}",
	pages = "{263-296}",
      language     = {russian}      
}


@article{Chistyakov_nng:1999,
      author         = "Chistyakov, M. V. and Mikheev, N. V.",
      title          = "{Radiative neutrino transition neutrino $\to$ neutrino
                        gamma in strongly magnetized plasma}",
      journal        = "Phys. Lett.",
      volume         = "B467",
      year           = "1999",
      pages          = "232-237",
}

@article{Gvozdev:2002,
      author         = "Гвоздев, А. А. and Огнев, И. С. ",
      title          = "{Процессы взаимодействия нейтрино с нуклонами оболочки коллапсирующей звезды с 
                       сильным магнитным полем}",
      journal        = "ЖЭТФ",
      volume         = "{121}",
      year           = "{2002}",
      number         = "{6}",
      pages          = "{1219-1234}",
      language     = {russian}      
}

@article{Mikheev:2000uf,
      author         = "Mikheev, N. V. and Narynskaya, E. N.",
      title          = "{Neutrino electron processes in a dense magnetized
                        plasma}",
      journal        = "Mod. Phys. Lett.",
      volume         = "A15",
      year           = "2000",
      pages          = "1551-1556",
}

@article{Borisov:2012,
      author         = "Борисов, А. В. and Керимов, Б. К. and Сизин, П. Е.",
      title          = "{Слабый и электромагнитный механизмы фоторождения нейтринных пар 
                        в сильно замагниченном электронном газе}",
      journal        = "Ядерная физика.",
      volume         = "{75}",
      year           = "{2012}",
      number         = "{11}",      
      pages          = "{1379-1386}",
      language     = {russian}      
}

@article{Weldon:1983,
      author         = "Weldon, H. Arthur",
      title          = "{Simple rules for discontinuities in finite temperature
                        Field Theory}",
      journal        = "Phys. Rev.",
      volume         = "D28",
      year           = "1983",
      pages          = "2007-2037",
}

@BOOK{Okun,
  author       = {Л.Б. Окунь},
  title        = {Лептоны и кварки},
  publisher    = {Наука},
  address      = {Москва},
  year         = {1990},
  numpages        = {346},
  language     = {russian},
}

@article{Skobelev:2000,
      author         = "Скобелев, В. В.",
      title          = "{Комптоновский механизм генерации нейтрино и аксионов на эффективно-двумерном 
                     замагниченном ферми-газе}",
      journal        = "ЖЭТФ",
      volume         = "{117}",
      year           = "{2000}",
      number         = "{6}",
      pages          = "{1059-1066}",
      language     = {russian}      
}

@ARTICLE{Burrows:1986,
   author = {{Burrows}, A. and {Lattimer}, J.~M.},
    title = "{The birth of neutron stars}",
  journal = {Astrophys. J.},
     year = 1986,
   volume = 307,
    pages = {178-196},
}

@ARTICLE{Prakash:1997,
   author = {{Prakash}, M. and {Bombaci}, I. and {Prakash}, M. and {Ellis}, P.~J. and 
	{Lattimer}, J.~M. and {Knorren}, R.},
    title = "{Composition and structure of protoneutron stars}",
  journal = {Phys. Rep.},
     year = 1997,
   volume = 280,
    pages = {1-77},
}

%%%%%%%%%%%%%%%%%%%%%%%%%%%%%%%%%%%%%%%%%%%%%%%%%%%%%%%%%%%%%%%%%%%%%%%%%%%%%%%%%%%%%%%%%%%%%%%%%%%%
%
%                    Chapter 5
%
%%%%%%%%%%%%%%%%%%%%%%%%%%%%%%%%%%%%%%%%%%%%%%%%%%%%%%%%%%%%%%%%%%%%%%%%%%%%%%%%%%%%%%%%%%%%%%%%%%%%

@article{Mikheev:1999,
      author         = "Василевская, Л. А. and Михеев, Н. В. and Овчинников, О. С. and Пархоменко, А. Я.",
      title          = "{Индуцированное взаимодействие аксиона с электронами во внешнем магнитном поле}",
      journal        = "Ядерная физика.",
      volume         = "{62}",
      year           = "{1999}",
      number         = "{9}",      
      pages          = "{1662–1667}",
      language     = {russian}      
}


@article{Mikheev:2006,
      author         = "Mikheev, N. V. and Narynskaya, E. N.",
      title          = "{Field-induced interaction of a pseudoscalar particle
                        with photon in a magnetized $e^- e^+$ plasma}",
      journal        = "Mod. Phys. Lett.",
      volume         = "A21",
      year           = "2006",
      pages          = "433-444",
}

@article{MRV:1998,
      author         = "Mikheev, N. V. and Raffelt, G. and Vassilevskaya, L. A.",
      title          = "{Axion emission by magnetic field induced conversion of
                        longitudinal plasmons}",
      journal        = "Phys. Rev.",
      volume         = "D58",
      year           = "1998",
      pages          = "055008 (1-5)",
}

@article{Mikheev:1998yg,
      author         = "Mikheev, N. V. and Ovchinnikov, O. S. and Vassilevskaya,
                        L. A.",
      title          = "{$a \to e^+ e^-$ decay in a model with induced coupling to
                        leptons}",
      journal        = "Mod. Phys. Lett.",
      volume         = "A13",
      year           = "1998",
      pages          = "321-326",
}

@ARTICLE{Pavlov:1991,
   author = {{Pavlov}, G.~G. and {Bezchastnov}, V.~G. and {Meszaros}, P. and 
	{Alexander}, S.~G.},
    title = "{Radiative widths and splitting of cyclotron lines in superstrong magnetic fields}",
  journal = {Astrophys. J.},
     year = 1991,
   volume = 380,
    pages = {541-549},
}


@ARTICLE{Baier:2007,
   author = {{Baier}, V.~N. and {Katkov}, V.~M.},
    title = "{Pair creation by a photon in a strong magnetic field}",
  journal = {Phys. Rev.},
      volume  = "D75",
     year = 2007,
     number = "7",
    pages = {073009},
}

%%%%%%%%%%%%%%%%%%%%%%%%%%%%%%%%%%%%%%%%%%%%%%%%%%%%%%%%%%%%%%%%%%%%%%%%%%%%%%%%%%%%%%%%%%%%%%%%%%%%
%
%                    My papers
%
%%%%%%%%%%%%%%%%%%%%%%%%%%%%%%%%%%%%%%%%%%%%%%%%%%%%%%%%%%%%%%%%%%%%%%%%%%%%%%%%%%%%%%%%%%%%%%%%%%%%

%%%%%%%%%%%%%%%%%%%%%%%%%%%%%%%%%%%%%%%%%%%%%%%%%%%%%%%%%%%%%%%%%%%%%%%%%%%%%%%%%%%%%%%%%%%%%%%%%%%%%%

@article{RCh05,
      author         = "Румянцев, Д. А. and Чистяков, М. В.",
      title          = "{Влияние сильно замагниченной плазмы на процесс расщепления фотона}",
      journal        = "ЖЭТФ.",
      volume         = "{128}",
      year           = "{2005}",
      number         = "{4}",
      pages          = "{740-751}",
      language     = {russian}      
}

@article{RCh:2008,
      author         = "Румянцев, Д. А. and Чистяков, М. В.",
      title          = "{Влияние фотон-нейтринных процессов на остывание магнитара}",
      journal        = "ЖЭТФ.",
      volume         = "{134}",
      year           = "{2008}",
      number         = "{4}",
      pages          = "{627-636}",
      language     = {russian}      
}

@article{MikhRumShk:09,
      author         = "Михеев, Н. В. and Румянцев, Д. А. and Школьникова, Ю. Е.",
      title          = "{О резонансном рождении аксионов в магнитосфере магнитара}",
      journal        = "Письма в журн. эксперим. и теор. физ.",
      volume         = "{90}",
      year           = "{2009}",
      number         = "{9}",
      pages          = "{668-671}",
      language     = {russian}      
}

@article{RCh:2009a,
      author         = "Румянцев, Д. А. and Чистяков, М. В.",
      title          = "{Процессы с участием фотонов в сильно замагниченной плазме}",
      journal        = "Ядерная физика.",
      volume         = "{72}",
      year           = "{2009}",
      number         = "{2}",      
      pages          = "{334-339}",
      language     = {russian}      
}

@article{RCh09,
      author         = "Chistyakov, M. V. and Rumyantsev, D. A.",
      title          = "{Compton effect in strongly magnetized plasma}",
      journal        = "Int. J. Mod. Phys.",
      volume         = "A24",
      year           = "2009",
      pages          = "3995-4008",
}

@article{RChSt:2012,
      author         = "Chistyakov, M. V. and Rumyantsev, D. A. and Stus', N. S.",
      title          = "{Photon splitting and Compton scattering in strongly
                        magnetized hot plasma}",
      journal        = "Phys. Rev.",
      volume         = "D86",
      year           = "2012",
      pages          = "043007",
}

@article{Rum:2013,
      author         = "Румянцев, Д. А.",
      title          = "{Резонансный механизм рождения $e^+e^-$ пар в сильном магнитном поле}",
      journal        = "Ядерная физика.",
      volume         = "{76}",
      year           = "{2013}",
      number         = "{12}",      
      pages          = "{1605-1609}",
      language     = {russian}      
}

@article{KuzRumSav:2014,
      author         = "Kuznetsov, A. V. and Rumyantsev, D. A. and Savin, V. N.",
      title          = "{Creation of electron-positron pairs at excited Landau
                        levels by neutrino in a strong magnetic field}",
      journal        = "Int. J. Mod. Phys.",
      volume         = "A29",
      year           = "2014",
      number         = "26",
      pages          = "1450136",
}

@article{MRCh:2014,
      author         = "Михеев, Н. В. and Румянцев, Д. А. and Чистяков, М. В.",
      title          = "{Фоторождение нейтрино на электроне  в плотной замагниченной среде}",
      journal        = "ЖЭТФ.",
      volume         = "{146}",
      year           = "{2014}",
      number         = "{2}",
      pages          = "{289-296}",
      language     = {russian}      
}

@article{KuzRumShlen:2015,
      author         = "Kuznetsov, A. V. and Rumyantsev, D. A. and Shlenev, D.
                        M.",
      title          = "{Generalized two-point tree-level amplitude $j f \to 
                        j'f'$ in a magnetized medium}",
      journal        = "Int. J. Mod. Phys.",
      volume         = "A30",
      year           = "2015",
      number         = "11",
      pages          = "1550049",
}

@article{KuzRumSav:2016,
      author         = "Kuznetsov, A. V. and Rumyantsev, D. A. and Savin, V. N.",
      title          = "{Neutrino processes $\nu \bar\nu \to e^- e^+$ and $\nu
                        \to \nu e^- e^+$ in a strong magnetic field}",
      booktitle      = "{International Conference on Particle Physics and
                        Astrophysics (ICPPA 2015) Moscow, Russia, October 5-10,
                        2015}",
      journal        = "J. Phys. Conf. Ser.",
      volume         = "675",
      year           = "2016",
      number         = "3",
      pages          = "032019",
}

@article{RumChistShlen:2016,
      author         = "Chistyakov, M. V.  and Rumyantsev, D. A. and  Shlenev, D. M.",
      title          = "{Photon splitting in a strongly magnetized, charge-asymmetric plasma}",
      booktitle      = "{19th International Seminar on High Energy Physics (QUARKS-2016)
                         Pushkin, Russia, 29 May - 4 June, 2016}",
      journal        = "EPJ Web Conf.",
      volume         = "125",
      year           = "2016",
      pages          = "04017 (1-11)",
}

@article{RumShlenYar:2017,
      author         = "Румянцев, Д. А. and Шленев, Д. М. and Ярков, А. А.",
      title          = "{Резонансы в комптоноподобных процессах рассеяния  во внешней замагниченной среде}",
      journal        = "ЖЭТФ.",
      volume         = "{152}",
      year           = "{2017}",
      number         = "{3}",
      pages          = "{483-494}",
      language     = {russian}      
}

%%%%%%%%%%%%%%%%%%%%%%%%%%%%%%%%%%%%%%%%%%%%%%%%%%%%%%%%%%%%%%%%%%%%%%%%%%%%%%%%%%%%%%%%%%%%%%%

@inproceedings{KuzRumSav:2016lom,
      author         = "Kuznetsov, A. V. and Rumyantsev, D. A. and Savin, V. N.",
      title          = "{Neutrino production of $e^+e^-$ pairs in a strong magnetic field}",
      booktitle      = "{Proceeding of the Seventeenth Lomonosov Conference on Elementary  
                       Particle Physics. Particle Physics at the Year of Light. Moscow, Russia, August 20-26,  2015}",
      year           = "2015",
      pages          = "525-527",
}



@inproceedings{RCh_Q2006,
      author         = "Chistyakov, M. V. and Rumyantsev, D. A.",
      title          = "{The Compton effect in a strongly magnetized plasma}",
      booktitle      = "{Quarks'2006. Proc. 14-th Int. Sem. «Quarks'2006», St.-Petersburg, 
                        Repino, Russia, 2006.  Eds. S.V. Demidov et al.  Inst. Nucl. Res. RAS. Moscow}",
      volume         = "{2}",
      year           = "2007",
      pages          = "255-263",
}

@inproceedings{RCh_Q2008_1,
      author         = "Chistyakov, M. V. and Rumyantsev, D. A.",
      title          = "{Influence of the photon - neutrino processes on magnetar
                        cooling}",
      booktitle      = "{Quarks'2008.  Proc. of 15-th Int. Sem. «Quarks'2008>, Sergiev Posad, Russia, 2008. Eds. by V. A. Duk, e.a. Inst. Nucl. Res. RAS. Moscow}",
      year           = "2010",
      pages          = "382-389",
}

@inproceedings{RCh_Q2008_2,
      author         = "Chistyakov, M. V. and Rumyantsev, D. A.",
      title          = "{Electromagnetic Processes In Strongly Magnetized
                        Plasma}",
      booktitle      = "{Quarks'2008.  Proc. of 15-th Int. Sem. «Quarks'2008», Sergiev Posad, Russia, 2008. Eds. by V. A. Duk, e.a. Inst. Nucl. Res. RAS. Moscow}",
      year           = "2010",
      pages          = "75-84",
}

@inproceedings{MikhRumShk_Q2010,
      author         = "Mikheev, N. V. and Rumyantsev, D. A. and Shkol'nikova,
                        {\relax Yu}. E.",
      title          = "{Resonant $\gamma \to a$ transition in magnetar
                        magnitosphere}",
      booktitle      = "{Quarks'2010. Proc. of 16-th Int. Sem. «Quarks'2010», Kolomna, Russia, 2010. Ed. by V. A.Matveev, e.a. Inst. Nucl. Res., Moscow}",
      year           = "2010",
      pages          = "364-369",
}

@inproceedings{Rum_Q2012,
      author         = "Rumyantsev, D. A.",
      title          = "{Resonant electron-positron pairs production in magnetar polar cap}",
      booktitle      = "{Quarks'2012. Proc. of  17-th Int. Seminar «Quarks'2012», Yaroslavl, Russia, 2012.  Ed. by V.A.~Khlebnikov, e.a. Inst. 
                        Nucl. Res., Moscow}",
      volume         = "{2}",
      year           = "2013",
      pages          = "222-228",
}

@inproceedings{Chistyakov:2014cga,
      author         = "Chistyakov, M. V. and Kuznetsov, A. V. and Mikheev, N. V.
                        and Rumyantsev, D. A. and Shlenev, D. M.",
      title          = "{Neutrino photoproduction on electron in dense magnetized
                        medium}",
      booktitle      = "{Quarks'2014. Proc. of 18-th Int. Sem. «Quarks'2014», Suzdal, Russia, 2014. Ed. by P. S. Satunin, e.a. Inst. Nucl. Res., Moscow}",
      year           = "2015",
      pages          = "322--329",
}

@inproceedings{Kuznetsov:2014iga,
      author         = "Kuznetsov, A. V. and Rumyantsev, D. A. and Savin, V. N.",
      title          = "{Neutrino production of electron-positron pairs at
                        excited Landau levels in a strong magnetic field}",
      booktitle      = "{Quarks'2014. Proc. of 18-th Int. Sem. «Quarks'2014», Suzdal, Russia, 2014. Ed. by P. S. Satunin, e.a. Inst. Nucl. Res., Moscow}",
      year           = "2015",
      pages          = "315--321",
}

%%%%%%%%%%%%%%%%%%%%%%%%%%%%%%%%%%%%%%%%%%%%%%%%%%%%%%%%%%%%%%%%%%%%%%%%%%%%%%%%%%%%%%%%%%%%%%%%%%%%%%%%%%%%%%%%%%%%%
@article{MikhRumShk_vestn2009,
      author         = "Михеев, Н. В. and Румянцев, Д. А. and Школьникова, Ю. Е.",
      title          = "{Резонансный $\gamma \to a$  переход в магнитосфере магнитара}",
      journal        = "Вестник Ярославского государственного университета им. П.Г.Демидова. 
                        Серия Естественные и технические науки",
      year           = "{2009}",
      number         = "{1}",      
      pages          = "{25--28}",
      language     = {russian}      
}

@article{MikhRumShk_vestn2011,
      author         = "Михеев, Н. В. and Румянцев, Д. А. and Школьникова, Ю. Е.",
      title          = "{Резонансный  механизм рождения аксионов в магнитосфере магнитара}",
      journal        = "Вестник Ярославского государственного университета им. П.Г.Демидова. 
                        Серия Естественные и технические науки",
      year           = "{2011}",
      number         = "{1}",      
      pages          = "{43--47}",
      language     = {russian}      
}

@article{RumStus_vestn2011,
      author         = "Румянцев, Д. А. and Стусь, Н. С.",
      title          = "{Резонансное рождение электрон-позитронных пар в полярной шапке магнитара}",
      journal        = "Вестник Ярославского государственного университета им. П.Г.Демидова. 
                        Серия Естественные и технические науки",
      year           = "{2011}",
      number         = "{2}",      
      pages          = "{32--37}",
      language     = {russian}      
}


@article{Kuznetsov:2013,
      author         = "Kuznetsov, A. V. and Rumyantsev, D. A. and Shlenev, D.
                        M.",
      title          = "{Generalized two-point tree-level amplitude $jf \to j^{\,
                        \prime} f^{\, \prime}$ in a magnetized medium (extended
                        version)}",
      eprint         = "1312.5719",
      archivePrefix  = "arXiv",
      primaryClass   = "hep-ph",
      year           = "2013",
}

@article{KuzRumSav:2014v,
      author         = "Кузнецов, А. В. and Румянцев, Д. А. and Савин, В. Н.",
      title          = "{Нейтринное рождение электрон-позитронных пар в магнитном поле произвольной интенсивности}",
      journal        = "Вестник Ярославского государственного университета им. П.Г.Демидова. 
                        Серия Естественные и технические науки",
      year           = "{2014}",
      number         = "{1}",      
      pages          = "{7--13}",
      language     = {russian}      
}

@article{KuzRumShlen:2015v,
      author         = "Кузнецов, А. В. and Румянцев, Д. А. and Шленев, Д. М.",
      title          = "{Обобщённая древесная амплитуда рассеяния в замагниченной среде}",
      journal        = "Вестник Ярославского государственного университета им. П.Г.Демидова. 
                        Серия Естественные и технические науки",
      year           = "{2015}",
      number         = "{1}",      
      pages          = "{16--26}",
      language     = {russian}      
}



